@article{onl,
 author = {DeHart, John and Kuhns, Fred and Parwatikar, Jyoti and Turner, Jonathan and Wiseman, Charlie and Wong, Ken},
 title = {The open network laboratory: a resource for networking research and education},
 journal = {SIGCOMM Comput. Commun. Rev.},
 volume = {35},
 issue = {5},
 month = {October},
 year = {2005},
 issn = {0146-4833},
 pages = {75--78},
 numpages = {4},
 url = {http://doi.acm.org/10.1145/1096536.1096547},
 doi = {http://doi.acm.org/10.1145/1096536.1096547},
 acmid = {1096547},
 publisher = {ACM},
 address = {New York, NY, USA},
 keywords = {education, experimental testbed, real-time displays},
} 

@article{mblastn,
  AUTHOR = "Praveen Krishnamurthy and Jeremy Buhler and Roger Chamberlain and
  Mark Franklin and Kwame Gyang and Arpith Jacob and Joseph Lancaster",
  TITLE = "Biosequence Similarity Search on the \emph{Mercury} System",
  JOURNAL = "J. VLSI Signal Processing",
  VOLUME = 49,
  NUMBER = 1,
  MONTH = oct,
  PAGES = {101--121},
  YEAR = 2007
}

@article{lbc09a,
 author = {J. Lancaster and J. Buhler and R. D. Chamberlain},
 title = "Acceleration of Ungapped Extension in {Mercury BLAST}",
 journal = {J. Microprocessors and Microsystems},
 volume = 33,
 number = 4,
 pages = {281--289},
 month = jun,
 year = 2009
}

@inproceedings{bljc07,
 author = {Jeremy D. Buhler and Joseph M. Lancaster and Arpith C. Jacob and
 Roger D. Chamberlain},
 title = {Mercury {BLASTN}: Faster {DNA} Sequence Comparison Using
a Streaming Hardware Architecture},
 booktitle = {Proc.\ Reconfigurable Systems Summer Institute (RSSI)},
 month = jul,
 year = 2007
}

@article{jlbhc08,
  author = {Jacob, Arpith and Lancaster, Joseph and Buhler, Jeremy and
  Harris, Brandon and Chamberlain, Roger D.},
  title = {Mercury {BLASTP}: Accelerating Protein Sequence Alignment},
  journal = {ACM Trans. Reconfigurable Technol. Syst.},
  volume = {1},
  number = {2},
  year = {2008},
  month = jun,
  issn = {1936-7406},
  pages = {1--44},
  doi = {http://doi.acm.org/10.1145/1371579.1371581},
  publisher = {ACM},
  address = {New York, NY, USA},}

@inproceedings{mpiBLAST,
  author    = {Aaron E. Darling and others},
  title     = {The Design, Implementation, and Evaluation of mpi{BLAST}},
  booktitle = {4th Int'l Conf. on Linux Clusters},
  year      = {2003}
}

@inproceedings{mpiBLAST2,
  author = "H. Lin and X. Ma and P. Chandramohan and A. Geist and
            N. Samatova",
  title = "Efficient data access for parallel {BLAST}",
  booktitle = "Proc.\ 19th Int'l Parallel and Distributed Processing Symp. (IPDPS)",
  year =  2005
}

@article{gls11,
author = {Alan George and Herman Lam and Greg Stitt},
title = {{Novo-G}: At the Forefront of Scalable Reconfigurable Supercomputing},
journal ={Computing in Science and Engineering},
volume = {13},
number = {1},
issn = {1521-9615},
year = {2011},
pages = {82-86},
doi = {http://doi.ieeecomputersociety.org/10.1109/MCSE.2011.11},
publisher = {IEEE Computer Society},
address = {Los Alamitos, CA, USA},
}

@inproceedings{netfpga2,
author = {John W. Lockwood and Nick McKeown and Greg Watson and Glen Gibb and Paul Hartke and Jad Naous and Ramanan Raghuraman and Jianying Luo},
title = {{NetFPGA}--{An} Open Platform for Gigabit-Rate Network Switching and Routing},
booktitle ={Proc.\ Int'l Symp. Microelectronics Systems Education (MSE)},
year = {2007},
pages = {160-161},
doi = {http://doi.ieeecomputersociety.org/10.1109/MSE.2007.69},
}

@article{netfpga1,
author = {Glen Gibb and John W. Lockwood and Jad Naous and Paul Hartke and Nick McKeown},
title = {{NetFPGA}--{An} Open Platform for Teaching How to Build Gigabit-Rate
Network Switches and Routers},
journal = {IEEE Trans. Education},
volume = 51,
number = 3,
pages = {364--369},
month = aug,
year = 2009
}

@inproceedings{wiseman,
author = {Charlie Wiseman and Jyoti Parwatikar and Ken Wong and John DeHart and Jonathan Turner},
title = {Design of an Extensible Network Testbed},
booktitle ={Proc.\ IEEE Int'l Symp. Network Computing and Applications},
year = {2010},
pages = {117-124},
doi = {http://doi.ieeecomputersociety.org/10.1109/NCA.2010.22},
}

@inproceedings{Mitrion,
author = {Henrik Abelsson and G\"oran Sandberg and Stefan M\"ohl},
title = {Accelerating {NCBI} {BLAST} -- {FPGA} Supercomputing Coming of Age},
booktitle = {Proc.\ Cray User Group (CUG)},
year = 2007
}

@misc{CUDABLASTP,
 author = "Liu Weiguo",
 title = {{CUDA-BLASTP}},
 note = {\url{http://sites.google.com/site/liuweiguohome/software}}
}
 
@misc{TimeLogic,
key = {timelogic},
title = {{TimeLogic DeCypher, Active Motif, Inc.}},
note = {\url{http://www.timelogic.com}}
}

@misc{BioBoost,
key = {bioboost},
title = {Progeniq {BioBoost} Accelerator},
note = {\url{http://www.progeniq.com}}
}

@techreport{Scz11,
author = "A. Sczyrba and A. Pratap and S. Cannon and J. Han and A. Copeland
          and Z. Wang and T. Brewer and D. Soper and M. {D'Jamoos} and
          K. Collins and G. Vacek",
TITLE = "Efficient graph based assembly of short-read sequences on a hybrid
         core architecture",
NUMBER = {LBNL-4404E-Poster},
INSTITUTION = "Lawrence Berkeley National Laboratory",
MONTH = jun,
YEAR = 2011
}
 
@inproceedings{hjlbc07,
author = {Brandon Harris and Arpith C. Jacob and Joseph M. Lancaster and
 Jeremy Buhler and Roger D. Chamberlain},
title = {A Banded {Smith-Waterman} {FPGA} Accelerator for {Mercury} {BLASTP}},
booktitle = {Proc.\ 17th Int'l Conf. on Field Programmable Logic
 and Applications (FPL)},
month = aug,
year = 2007
}

@inproceedings{jlbc07,
author = {Arpith Jacob and Joseph Lancaster and Jeremy Buhler and
 Roger D. Chamberlain},
title = {{FPGA}-accelerated seed generation in {Mercury} {BLASTP}},
booktitle = {Proc.\ 15th IEEE Symp.\ on Field-Programmable Custom
 Computing Machines (FCCM)},
month = apr,
year = 2007 
}

@inproceedings{pllgsfh10,
author = {C. Pascoe and A. Lawande and H. Lam and A. George and Y. Sun and
 W. Farmerie and M. Herbordt},
title = {Reconfigurable Supercomputing with Scalable Systolic Arrays and
 In-Stream Control for Wavefront Genomics Processing},
booktitle = {Proc.\  Symp. Application Accelerators in High
 Performance Computing (SAAHPC)},
month = jul,
year = 2010
}

@inproceedings{ch10b,
author = {M. Chiu and M.C. Herbordt},
title = {Towards Production {FPGA}-Accelerated Molecular Dynamics:
 Progress and Challenges},
booktitle = {Proc.\  High Performance Reconfigurable Computing Technology
and Applications (HPRCTA)}, 
month = nov,
year = 2010
}

@article{ch10a,
author = {M. Chiu and M.C. Herbordt},
title = {Molecular Dynamics Simulations on High Performance Reconfigurable
Computing Systems},
journal = {ACM Transactions on Reconfigurable Technology and Systems},
volume = 3,
number = 4,
pages = {23:1--23:37},
year = 2010
}

@inproceedings{hkd09,
author = {M.C. Herbordt and Md. Ashfaquzzaman Khan and T. Dean},
title = {Parallel Discrete Event Simulation of Molecular Dynamics Through
Event-Based Decomposition},
booktitle = {Proc.\  IEEE Int'l Conf.\  Application-specific Systems,
Architectures and Processors},
year = 2009
}

@article{gpwhh08,
author = {Akila Gothandaraman and Gregory D. Peterson and G.L. Warren and
 Robert J. Hinde and Robert J. Harrison},
title = {{FPGA} acceleration of a quantum {Monte Carlo} application},
journal = {Parallel Computing},
volume = 34,
number = {4-5},
pages = {278-291},
month = may,
year = 2008
}

@article{wghp11,
author = {Weber, R. and Gothandaraman, A. and Hinde, R.J. and Peterson, G.D.},
title = {Comparing Hardware Accelerators in Scientific Applications: A Case Study},
journal={IEEE Trans. on Parallel and Distributed Systems},
volume = 22,
number = 1,
pages = {58-68},
month = jan,
year = 2011
}

@inproceedings{sksbb07,
author = {Ron Sass and William V. Kritikos and Andrew G. Schmidt and Srinivas Beeravolu and Parag Beeraka},
title = {{Reconfigurable Computing Cluster (RCC) Project}: Investigating the Feasibility of {FPGA}-Based Petascale Computing},
booktitle = {Proc.\  Symp. Field-Programmable Custom Computing Machines (FCCM)},
pages = {127-140},
year = {2007}
}

@article{aasvc07,
author = {Alam, S.R. and Agarwal, P.K. and Smith, M.C. and Vetter, J.S. and Caliga, D.},
title = {Using {FPGA} Devices to Accelerate Biomolecular Simulations}, 
journal = {Computer},
volume = {40},
number = {3},
pages = {66-73}, 
month = mar,
year = {2007},
}

@inproceedings{nshaa10,
 author = {Nallamuthu, Ananth and Smith, Melissa C. and Hampton, Scott and Agarwal, Pratul K. and Alam, Sadaf R.},
 title = {Energy efficient biomolecular simulations with {FPGA}-based reconfigurable computing},
 booktitle = {Proc.\  7th ACM Int'l Conf.\  Computing Frontiers (CF)},
 year = {2010},
 isbn = {978-1-4503-0044-5},
 location = {Bertinoro, Italy},
 pages = {83--84},
 numpages = {2},
 doi = {http://doi.acm.org/10.1145/1787275.1787294},
 acmid = {1787294},
} 

@inproceedings{bnsp10,
author = {Bhuiyan, M.A. and Nallamuthu, A. and Smith, M.C. and Pallipuram, V.K.},
title = {Optimization and performance study of large-scale biological networks
for reconfigurable computing},
booktitle = {Proc.\  High-Performance Reconfigurable Computing Technology and
Applications (HPRCTA)},
month = nov,
year = 2010
}

@article{zb10,
author = {Stephanie Zierke and Jason D. Bakos},
title = {{FPGA} acceleration of the phylogenetic likelihood function for
 {Bayesian MCMC} inference methods},
journal = {BMC Bioinformatics},
volume = 11,
pages = 184,
month = apr,
year = 2010
} 

@inproceedings{bakos07,
author = {Jason D. Bakos},
title = {{FPGA} Acceleration of Gene Rearrangement Analysis},
booktitle = {Proc. 15th IEEE Symp. Field-Programmable Custom
Computing Machines (FCCM)},
month = apr,
year = 2007
}

@article{tbfc08,
 author = {Eric J. Tyson and James Buckley and Mark A. Franklin and
 Roger D. Chamberlain},
 title = {Acceleration of atmospheric {Cherenkov} telescope signal processing
 to real-time speed with the {Auto-Pipe} design system},
 journal = {Nuclear Inst. and Methods in Physics Research A},
 volume = 585,
 number = 2,
 pages = {474--479},
 month = oct,
 year = 2008
}

@inproceedings{shsc08,
 author = {Naveen Singla and Michael Hall and Berkley Shands and
 Roger D. Chamberlain},
 title = {Financial {Monte Carlo} Simulation on Architecturally Diverse Systems},
 booktitle = {Proc.\  Workshop on High Performance Computational Finance},
 month = nov,
 year = 2008
}

@inproceedings{lbc09b,
 author = {Joseph M. Lancaster and Jeremy D. Buhler and Roger D. Chamberlain},
 title = {Efficient Runtime Performance Monitoring of {FPGA}-based Applications},
 booktitle = {Proc.\  22nd IEEE Int'l System-on-Chip Conf.},
 month = sep,
 year = 2009,
 pages = {23--28}
}

@inproceedings{lsbc11,
author = {Joseph M. Lancaster and E. F. Berkley Shands and Jeremy D. Buhler
 and Roger D. Chamberlain},
title = {{TimeTrial}: A Low-Impact Performance Profiler for Streaming Data
 Applications},
booktitle = {Proc.\ IEEE Int'l Conf. on
  Application-specific Systems, Architectures and Processors},
  year = 2011,
  month = sep,
  pages = {69--76}
}

@InProceedings{csw04,
  author = {Roger Chamberlain and Berkley Shands and Jason White},
  title = {Achieving Real Data Throughput for an {FPGA} Co-Processor
  on Commodity Server Platforms},
  booktitle = {Proc.\ 1st Workshop on Building Block Engine Architectures
  for Computers and Networks},
  year = 2004,
  month = Oct
}

@InProceedings{cs05,
  author = {Roger D. Chamberlain and Berkley Shands},
  title = {Streaming Data from Disk Store to Application},
  booktitle = {Proc.\ 3rd Int'l Workshop on Storage Network
  Architecture and Parallel I/Os},
  pages = {17--23},
  year = 2005,
  month = sep
}

@mastersthesis{JustinThesis,
author = {Justin Brown},
title = {{Software and Hardware Acceleration of the Genomic Motif Finding Tool PhyloNet}},
school = {Dept. of Computer Science and Engineering, Washington University in St. Louis},
month = aug,
year = 2008
}

@article{SteinCloud,
 author = {Lincoln Stein},
 title = "The case for cloud computing in genome informatics",
 journal = "Genome Biology",
 volume = 11,
 number = 5,
 pages = 270,
 year = 2010
}

@article{hmsgv07,
author = {M.C. Herbordt and J. Model and B. Sukhwani and Y. Gu and Tom VanCourt},
title = {Single Pass Streaming {BLAST} on {FPGAs}},
journal = {Parallel Computing},
volume = 33,
pages = {741-756},
year = 2007
}

@inproceedings{mh10,
author = {Atabak Mahram and M.C. Herbordt},
title = {Fast and Accurate {NCBI BLASTP}: Acceleration with Multiphase {FPGA}-Based Prefiltering},
booktitle = {Proc.\ 24th ACM Int'l Conf. on Supercomputing},
year = 2010
}

@inproceedings{dbs09,
author = {Siddhartha Datta and Parag Beeraka and Ron Sass},
title = {{RC-BLASTn}: Implementation and Evaluation of the {BLASTn} Scan Function},
booktitle ={Proc.\  IEEE Symp. Field-Programmable Custom Computing Machines},
pages = {88-95},
month = apr,
year = {2009}
}

@inproceedings{ds09,
author = {Siddhartha Datta and Ron Sass},
title = {Scalability Studies of the {BLASTn} Scan and Ungapped Extension Functions},
booktitle ={Proc.\  Int'l Conf. on Reconfigurable Computing and FPGAs},
pages = {131-136},
month = dec,
year = {2009}
}

@phdthesis{mb09,
author = {Michela Becchi},
title = {Data Structures, Algorithms and Architectures for Efficient Regular Expression Evaluation},
school = {Dept. of Computer Science and Engineering, Washington University
in St. Louis},
month = may,
year = 2009
}

@InProceedings{cfbc06,
 author = {Patrick Crowley and Mark A. Franklin and Jeremy Buhler and
 Roger D. Chamberlain},
 title = {Impact of {CMP} Design on High-Performance Embedded Computing},
 booktitle = {Proc.\  10th High Performance Embedded Computing Workshop},
 month = sep,
 year = 2006
}

@inproceedings{bc06,
author = {Michela Becchi and Patrick Crowley},
title = {Dynamic thread assignment on heterogeneous multiprocessor
architectures},
booktitle = {Proc.\  ACM Int'l Conf. on Computing Frontiers},
pages = {29--40},
month = may,
year = 2006
}

@inproceedings{wbc05,
author = {Ben Wun and Jeremy Buhler and Patrick Crowley},
title = {Exploiting coarse-grained parallelism to accelerate protein
motif finding with a network processor},
booktitle = {Proc.\ Int'l Conf. on Parallel Architectures and Compilation
             Techniques},
pages = {173--184},
month = sep,
year = 2005
}

@inproceedings{bfc07,
author = {Michela Becchi and Mark A. Franklin and Patrick Crowley},
title = {Performance/area efficiency in chip multiprocessors with micro-caches},
booktitle = {Proc.\  ACM Int'l Conf. on Computing Frontiers},
pages = {247--258},
month = may,
year = 2007
}

@inproceedings{bc07,
author = {Michela Becchi and Patrick Crowley},
title = {An improved algorithm to accelerate regular expression evaluation},
booktitle = {Proc.\  ACM/IEEE Symp. Architectures for Networking and
Communications Systems},
pages = {145--154},
month = dec,
year = 2007
}

@inproceedings{bc08,
author = {Michela Becchi and Patrick Crowley},
title = {Efficient Regular Expression Evaluation: Theory to Practice},
booktitle = {Proc.\  ACM/IEEE Symp. Architectures for Networking and
Communications Systems},
pages = {50--59},
month = nov,
year = 2008
}

@inproceedings{bfc08,
author = {Michela Becchi and Mark A. Franklin and Patrick Crowley},
title = {A workload for evaluating deep packet inspection architectures},
booktitle = {Proc.\  IEEE Int'l Symp. Workload Characterization},
pages = {79--89},
month = sep,
year = 2008
}

@inproceedings{cbfb10,
author = {Roger D. Chamberlain and Jeremy Buhler and Mark Franklin and James H. Buckley},
title = {Application-guided Tool Development for
Architecturally Diverse Computation},
booktitle = {Proc.\  Symp. Applied Computing},
pages = {496--501},
month = mar,
year = 2010
}

@inproceedings{cf07,
 author = {Roger D. Chamberlain and Mark A. Franklin},
 title = {Automatic Deployment of Streaming Applications on
 Hybrid Architectures},
 booktitle = {Proc.\  11th High Performance Embedded Computing Workshop},
 month = sep,
 year = 2007
}

@InProceedings{cfi06,
 author = {Roger D. Chamberlain and Mark A. Franklin and Ronald S. Indeck},
 title = {Exploiting Reconfigurability for Text Search},
 booktitle = {Proc.\ 10th High Performance Embedded Computing Workshop},
 month = sep,
 year = 2006
}

@inproceedings{cs07a,
 author = {Roger D. Chamberlain and Berkley Shands},
 title = {Performance of Direct Attached Disk Subsystems},
 booktitle = {Proc.\ 11th High Performance Embedded Computing Workshop},
 month = sep,
 year = 2007
}

@inproceedings{cs07b,
 author = {Roger D. Chamberlain and Berkley Shands},
 title = {Direct-Attached Disk Subsystem Performance Assessment},
 booktitle = {Proc.\ 4th Int'l Workshop on Storage Network Architecture and
 Parallel I/Os},
 month = sep,
 year = 2007
}

@inproceedings{gftc08,
 author = {Saurabh Gayen and Mark A. Franklin and Eric J. Tyson and
 Roger D. Chamberlain},
 title = {Simulation of Streaming Applications on Multicore Systems},
 booktitle = {Proc.\ 3rd Workshop on Software Tools for MultiCore Systems},
 month = apr,
 year = 2008
}

@inproceedings{ctgfbcb07,
 author = {Roger D. Chamberlain and Eric J. Tyson and Saurabh Gayen and
 Mark A. Franklin and Jeremy Buhler and Patrick Crowley and James Buckley},
 title = {Application Development on Hybrid Systems},
 booktitle = {Proc.\  ACM/IEEE Conf. on Supercomputing},
 month = nov,
 year = 2007
}

@inproceedings{fchsw04,
author = {Mark A. Franklin and Roger D. Chamberlain and Michael Henrichs and
Berkley Shands and Jason White},
title = {An architecture for fast processing of large unstructured data sets},
booktitle = {Proc.\  IEEE 22nd Int'l Conf. on Computer Design},
month = oct,
year = {2004},
pages = {280--287}
}

@InProceedings{fccbb05,
  author =   {Mark A. Franklin and Patrick Crowley and
  Roger D. Chamberlain and Jeremy Buhler and James H. Buckley},
  title =    {Application Development for Hybrid Pipelined Systems},
  booktitle =  {Proc.\  9th High Performance Embedded Computing Workshop},
  year =     2005,
  month =    Sep
}

@InProceedings{kbcfgl04,
  author = {Praveen Krishnamurthy and Jeremy Buhler and Roger Chamberlain
  and Mark Franklin and Kwame Gyang and Joseph Lancaster},
  title = {Biosequence Similarity Search on the {Mercury} System},
  booktitle = {Proc.\ IEEE 15th Int'l Conf. on
  Application-specific Systems, Architectures and Processors},
  pages = {365--375},
  year = 2004,
  month =    Sep
}

@inproceedings{mbcfh06,
 author = {Rahul P. Maddimsetty and Jeremy Buhler and Roger D. Chamberlain
          and Mark A. Franklin and Brandon Harris},
 title = {Accelerator Design for Protein Sequence {HMM} Search},
 booktitle = {Proc.\ 20th ACM Int'l Conf. on Supercomputing},
 month = jun,
 year = 2006
}

@inproceedings{ftbcm06,
author = {Mark A. Franklin and Eric J. Tyson and James Buckley and
Patrick Crowley and John Maschmeyer},
booktitle = {Proc.\  Int'l Parallel and Distributed Processing Symp.},
title = {{Auto-Pipe} and the {X} Language: A Pipeline Design Tool
and Description Language},
month = apr,
year = {2006}
}

@article{weekes02,
author = {T.C. Weekes and others},
title = {{VERITAS}: the Very Energetic Radiation Imaging Telescope
Array System},
journal = {Astroparticle Physics},
volume = {17},
number = {2},
pages = {221--243},
month = may,
year = {2002}
}

@mastersthesis{sg08,
author = {Saurabh Gayen},
title = {{X-Sim} and {X-Eval}: Tools for Simulation and Analysis of
Heterogeneous Pipelined Architectures},
school = {Dept. of Computer Science and Engineering,
Washington University in St. Louis},
month = may,
year = 2008
}

@InProceedings{gtfc06,
 author = {Saurabh Gayen and Eric J. Tyson and Mark A. Franklin and
 Roger D. Chamberlain and Patrick Crowley},
 title = {{X-Sim}: A Federated Heterogeneous Simulation Environment},
 booktitle = {Proc.\  10th High Performance Embedded Computing Workshop},
 month = sep,
 year = 2006
}

@InProceedings{gtfc07,
 author = {Saurabh Gayen and Eric J. Tyson and Mark A. Franklin and
 Roger D. Chamberlain},
 title = {A Federated Simulation Environment for Hybrid Systems},
 booktitle = {Proc.\  21st Int'l Workshop on Principles of Advanced and
Distributed Simulation},
 month = Jun,
 year = 2007
}

@phdthesis{praveen,
author = {Praveen Krishnamurthy},
title = {Performance Evaluation for Hybrid Architectures},
school = {Dept. of Computer Science and Engineering, Washington University
in St. Louis},
month = dec,
year = 2006
}

@inproceedings{kc08,
 author = {Praveen Krishnamurthy and Roger D. Chamberlain},
 title = {Analytic Performance Models for Bounded Queueing Systems},
 booktitle = {Proc.\  Workshop on Advances of Parallel and Distributed
 Computing Models},
 month = apr,
 year = 2008
}

@mastersthesis{rpm06,
author = {Rahul P. Maddimsetty},
title = {Acceleration of Profile-{HMM} Search for Protein Sequences in Reconfigurable Hardware},
school = {Dept. of Computer Science and Engineering,
Washington University in St. Louis},
month = may,
year = 2006
}

@InProceedings{sc06,
  author = {Gary Stiehr and Roger D. Chamberlain},
  title = {Improving Cluster Utilization through Intelligent Processor Sharing},
  booktitle = {Proc.\  2nd Workshop on System Management Tools for Large-Scale Parallel Systems},
  year =     2006,
  month =    Apr
}

@mastersthesis{ejt06,
author = {Eric J. Tyson},
title = {{Auto-Pipe} and the {X} Language: A Toolset and Language for the
Simulation, Analysis, and Synthesis of Heterogeneous Pipelined Architectures},
school = {Dept. of Computer Science and Engineering,
Washington University in St. Louis},
month = aug,
year = 2006
}

@article{clc08,
 author = {Roger D. Chamberlain and Joseph Lancaster and Ron Cytron},
 title = {Visions for Application Development on Hybrid Computing Systems},
 journal = {Parallel Computing},
 volume = 34,
 number = {4--5},
 pages = {201--216},
 month = may,
 year = 2008
}

@inproceedings{lcc08,
 author = {Joseph Lancaster and Ron Cytron and Roger D. Chamberlain},
 title = {Understanding the Performance of Streaming Applications
 Deployed on Hybrid Systems},
 booktitle = {Proc.\  Next Generation Software Workshop},
 month = apr,
 year = 2008
}

@InProceedings{lc08,
  author = {Joseph M. Lancaster and Roger D. Chamberlain},
  title = {Runtime Performance Monitoring of Architecturally Diverse Systems},
  booktitle =  {Proc.\  12th High Performance Embedded Computing Workshop},
  month = sep,
  year = 2008
}

@inproceedings{lc10,
author = {Joseph M. Lancaster and Roger D. Chamberlain},
title = {Crossing Timezones in the {TimeTrial} Performance Monitor},
booktitle = {Proc.\  Symp. Application Accelerators
in High Performance Computing},
month = jul,
year = 2010
}

@inproceedings{pcc10,
author = {Shobana Padmanabhan and Yixin Chen and Roger D. Chamberlain},
title = {Design-space Optimization for Automatic Acceleration of
Streaming Applications},
booktitle = {Proc.\  Symp. Application Accelerators
in High Performance Computing},
month = jul,
year = 2010
}

@inproceedings{lb13,
author = "Peng Li and Jeremy Buhler",
title = "Polyhedral constraints for bounded-memory execution of synchronized
         filtering data flow",
booktitle = "Proc.\ 2013 Workshop on Data Flow Execution Models for
             Extreme-Scale Computing",
year = 2013
}

@inproceedings{labc10,
author = {Peng Li and Kunal Agrawal and Jeremy Buhler and Roger D. Chamberlain},
title = {Deadlock Avoidance for Streaming Computation with Filtering},
booktitle = {Proc.\ 22nd ACM Symp. Parallelism in Algorithms and
Architectures},
month = jun,
year = 2010,
pages = {243--252}
}

@inproceedings{labcl10,
author = {Peng Li and Kunal Agrawal and Jeremy Buhler and Roger D. Chamberlain
and Joseph M. Lancaster},
title = {Deadlock-avoidance for Streaming Applications
with Split-Join Structure: Two Case Studies},
booktitle = {Proc.\  21st IEEE Int'l Conf.\ 
Application-specific Systems, Architectures and Processors},
month = jul,
year = 2010,
pages = {333--336}
}

@misc{GSL,
  key={GSL},
  title = {{GNU Scientific Library}},
  howpublished = {\url{http://www.gnu.org/software/gsl/}}
}

@inproceedings{lwc11,
author = {Joseph M. Lancaster and Joseph G. Wingbermuehle and Roger D. Chamberlain},
title = {Asking for Performance: Exploiting Developer Intuition to Guide Instrumentation with {TimeTrial}},
booktitle = {Proc.\  13th Int'l Conf.\  High Performance Computing and Communications},
month = sep,
year = 2011
}

@inproceedings{pcc11,
author = {Shobana Padmanabhan and Yixin Chen and Roger D. Chamberlain},
title = {Optimal Design-space Exploration of Streaming Applications},
booktitle = {Proc.\  IEEE Int'l Conf.\  Application-specific Systems,
Architectures and Processors},
month = sep,
year = 2011
}

@inproceedings{lwbc11,
author = {Joseph M. Lancaster and Joseph G. Wingbermuehle and Jonathan C. Beard and Roger D. Chamberlain},
title = {Crossing Boundaries in {TimeTrial}: Monitoring Communications Across
Architecturally Diverse Computing Platforms},
booktitle = {Proc.\  9th IEEE/IFIP Int'l Conf.\  Embedded
and Ubiquitous Computing},
month = oct,
year = 2011
}

@phdthesis{lancaster11,
author = {Joseph M. Lancaster},
title = {Low-Impact Profiling of Streaming, Hetergeneous Applications},
school = {Dept. of Computer Science and Engineering, Washington University
in St. Louis},
month = aug,
year = 2011
}

@article{agyyl11,
 author = {Aggarwal, Vikas and George, Alan D. and Yoon, Changil and Yalamanchili, Kishore and Lam, Herman},
 title = {{SHMEM+}: A multilevel-{PGAS} programming model for reconfigurable supercomputing},
 journal = {ACM Trans. Reconfigurable Technol. Syst.},
 volume = {4},
 issue = {3},
 month = aug,
 year = {2011},
 pages = {26:1--26:24}
} 

@article{stitt11,
author = {Greg Stitt and Alan George and Herman Lam and Melissa Smith and Vikas Aggarwal and Gongyu Wang and James Coole and Casey Reardon and Brian Holland and Seth Koehler},
title = {An End-to-End Tool Flow for {FPGA}-Accelerated Scientific Computing},
journal ={IEEE Design and Test of Computers},
volume = {28},
year = {2011},
pages = {26}
}

@article{Koe11,
author = {Seth Koehler and Greg Stitt and Alan D. George},
title = {Platform-aware bottleneck detection for reconfigurable computing applications},
journal = {ACM Trans. Reconfigurable Technol. Syst.},
 volume = 4,
 issue = 3,
 month = aug,
 year = {2011},
 pages = {30}
}

@inproceedings{agsgl09,
 author = {Aggarwal, V. and Garcia, R. and Stitt, G. and George, A. and Lam, H.},
 title = {{SCF}: a device- and language-independent task coordination framework for reconfigurable, heterogeneous systems},
 booktitle = {Proc.\  3rd Int'l Workshop on High-Performance Reconfigurable Computing Technology and Applications},
 month = nov,
 year = {2009},
 pages = {19--28}
} 

@article{hgvmsc08,
author = {Martin C. Herbordt and Yongfeng Gu and Tom VanCourt and
Josh Model and Bharat Sukhwani and Matt Chiu},
title = {Computing Models for {FPGA}-Based Accelerators},
journal = {Computing in Science \& Engineering},
volume = 10,
number = 6,
pages = {35-45},
year = 2008
}

@inproceedings{vh05,
author = {T. {Van Court} and M.C. Herbordt},
title = {{LAMP}: a tool suite for families of {FPGA}-based computational accelerators},
booktitle ={Int'l Conf.\  Field Programmable Logic and Applications},
year = {2005},
pages = {612-617}
}


@article{Smi81,
  author ="Smith, T.~F. and Waterman, M.~S.",
  title="Identification of Common Molecular Subsequences",
  journal= "J. Molecular Biology",
  volume=147,
  number=1,
  month=mar,
  year=1981,
  pages="195--97"
}

@article{Li09,
 AUTHOR = "H. Li and R. Durbin",
 TITLE = "Fast and accurate short read alignment with the
          {Burrows-Wheeler} transform",
 JOURNAL = "Bioinformatics",
 VOLUME = 25,
 PAGES = "1754--60",
 YEAR = 2009
}

@article{Lang09,
 AUTHOR = "B. Langmead and C. Trapnell and M. Pop and S.~L. Salzberg",
 TITLE = "Ultrafast and memory-efficient alignment of short {DNA} sequences
         to the human genome",
 JOURNAL = "Genome Biology",
 VOLUME = 10,
 PAGES = "R25",
 YEAR = 2009
}

@article{Alt97,
    author = "S.~F. Altschul and T.~L. Madden and A.~A. Sch{\"{a}}ffer and J. Zhang and Z. Zhang and W. Miller and D.~J. Lipman",
    title = "Gapped {BLAST} and {PSI--{BLAST}}: a new generation of protein data
base search programs",    journal = "Nucleic Acids Res.",
    volume = "25",
    pages = "3389--3402",
    year = "1997"
}

@article{Alt90,
 AUTHOR = "S.~F. Altschul and W. Gish and W. Miller and E.~W. Myers and
           others",
 TITLE = "Basic local alignment search tool",
 JOURNAL  = "J. Molecular Biology",
 VOLUME = 215,
 PAGES = "403--10",
 YEAR = 1990
}

@misc{NHGRISeqCost,
 AUTHOR = "{National Human Genome Research Institute}",
 TITLE = "{DNA} Sequencing Costs",
 NOTE = "\url{http://www.genome.gov/sequencingcosts/}",
 YEAR = 2017
}

@article{Zuk89,
 author = "M. Zuker",
 title = "Computer prediction of {RNA} structure",
 journal = "Methods in Enzymology",
 volume = 180,
 pages = "262--88",
 year = 1989
}

@article{Nus78,
 author = "R. Nussinov and G. Pieczenik and J.~R. Griggs and D.~J. Kleitman",
 title = "Algorithms for loop matchings",
 journal = "{SIAM} J. Applied Mathematics",
 volume = 35,
 pages = "68--82",
 year = 1978
}

@article{She08,
 AUTHOR = "J. Shendure and H. Ji",
 TITLE = "Next-generation {DNA} sequencing",
 JOURNAL = "Nature Biotechnology",
 VOLUME = 26,
 PAGES = "1135--45",
 YEAR = 2008
}

@inproceedings{Jac10b,
 author = "A. Jacob and J. Buhler and R. Chamberlain",
 title = "Design of throughput-optimized arrays from recurrence abstractions",
 booktitle = "Proc.\ 21st IEEE Int'l Conf.\ Application-specific Systems, Architectures and Processors (ASAP)",
 pages = "133--40",
 year = 2010
}

@inproceedings{Jac10a,
 author = "A. Jacob and J. Buhler and R. Chamberlain",
 title = "Rapid {RNA} Folding: Analysis and Acceleration of the {Z}uker
          Recurrence",
 booktitle = "Proc.\ 18th IEEE Int'l Symp.\ on
              Field-Programmable Custom Computing Machines",
 pages = "87--94",
 year = 2010
}

@PhdThesis{Jac10thesis,
 AUTHOR = "A. Jacob",
 TITLE = "Parallelization of Dynamic Programming Recurrences in
          Computational Biology",
 SCHOOL = "washington University",
 ADDRESS = "St.\ Louis, MO",
 YEAR = 2010
}

@article{Sha10,
 AUTHOR = "C.~D. Shaffer and C. Alvarez and C. Bailey and D. Barnard and
          others",
 TITLE = "The {Genomics Education Partnership}: successful integration
          of research into laboratory classes at a diverse group of
          undergraduate institutions",
 JOURNAL = "CBE Life Sciences Education",
 VOLUME = 9,
 PAGES = "55--69",
 YEAR = 2010
}

@article{Leu10,
 AUTHOR = "W. Leung and C. Shaffer and T. Cordonnier and J. Wong
           and others",
 TITLE = "Evolution of a Distinct Genomic Domain in {D}rosophila:
          Comparative Analysis of the Dot Chromosome in {D}rosophila
          melanogaster and {D}rosophila virilis",
 JOURNAL = "Genetics",
 VOLUME = 185,
 PAGES = "1519--34",
 YEAR = 2010
}

@article{Lop08,
 AUTHOR = "D. Lopatto and C. Alvarez and D. Barnard and C. Chandrasekaran
           and others",
 TITLE = "Genomics Education Partnership",
 JOURNAL = "Science",
 VOLUME = 322,
 PAGES = "684--5",
 YEAR = 2008
}

@inproceedings{Bir97,
 AUTHOR = "E. Birney and R. Durbin",
 TITLE = "Dynamite: a flexible code generating language for dynamic
          programming methods used in sequence comparison",
 BOOKTITLE = "Proc.\  5th Int'l Conf.\ 
              Intelligent Systems in Molecular Biology",
 PAGES = "56--64",
 YEAR = 1997
}

@article{Sla05,
 AUTHOR = "{G. St. C.} Slater and E. Birney",
 TITLE = "Automated generation of heuristics for biological sequence
         comparison",
 JOURNAL = {BMC Bioinformatics},
 VOLUME = 6,
 PAGES = "31",
 YEAR = 2005
}

@article{Edd98,
 AUTHOR = "S.~R. Eddy",
 TITLE = "Profile hidden {M}arkov models",
 JOURNAL = "Bioinformatics",
 VOLUME = 14,
 PAGES = "755--63",
 YEAR = 1998
}

@article{Galaxy10,
 AUTHOR = "J. Goecks and A. Nekrutenko and J. Taylor and {The Galaxy Team}",
 TITLE = "Galaxy: a comprehensive approach for supporting accessible, reproducible, and transparent computational research in the life sciences.",
 JOURNAL = "Genome Biology",
 VOLUME = 11,
 NUMBER = 8,
 PAGES = "R86",
 YEAR = 2010
}

@article{Taverna06,
 AUTHOR = "D. Hull and K. Wolstencroft and R. Stevens and C. Goble and M. Pocock
           and P. Li and T. Oinn",
 TITLE = "Taverna: a tool for building and running workflows of services",
 JOURNAL = "Nucleic Acids Research",
 VOLUME = 34,
 PAGES = "729--732",
 YEAR = 2006
} 


@article{Bar11,
 AUTHOR = "D. Barnett and E. Garrison and A. Quinlan and M. Stromberg and G. Marth",
 TITLE = "{BamTools}: a {C++} {API} and toolkit for analyzing and managing {BAM} files",
 JOURNAL = "Bioinformatics",
 VOLUME = 27,
 PAGES = "1691--1692",
 YEAR = 2011
}

@Article{Sta02,
AUTHOR = {Stajich, J.E. and Block, D. and Boulez, K. and Brenner, S.E. and Chervitz, S.A. and Dagdigian, C. and Fuellen, G. and Gilbert, J.G. and Korf, I. and Lapp, H.},
TITLE = {The {Bioperl} toolkit: {Perl} modules for the life sciences},
JOURNAL = {Genome Research},
VOLUME = {12},
YEAR = {2002},
PAGES = {1611-1618}
}

@article{Coc09,
 AUTHOR = "P.J. Cock and T. Antao and J.T. Chang and B.A. Chapman and
                  C.J. Cox and A. Dalke and I. Friedberg and
                  T. Hamelryck and F. Kauff and B. Wilczynski and
                  M.J. {de Hoon}",
 TITLE = "Biopython: freely available {Python} tools for computational
          molecular biology and bioinformatics",
 JOURNAL = "Bioinformatics",
 VOLUME = 25,
 PAGES = "1422--1423",
 YEAR = 2009
}

@article{Mar02,
 AUTHOR = "A. {Marchler-Bauer} and A.R. Panchenko and B.A. Shoemaker and
          P.A. Thiessen and L.Y. Geer and S.H. Bryant",
 TITLE = {{CDD}: a database of conserved domain alignments with links
          to domain three-dimensional structure},
 JOURNAL = "Nucleic Acids Research",
 VOLUME = 30, 
 PAGES = "281--283",
 YEAR = 2002
}
 
@inproceedings{Ngu09,
 AUTHOR = "{V.-H.} Nguyen and A. Cornu and D. Lavenier",
 TITLE = "Implementing protein seed-based ocmparison algorithm on the
          {SGI RASC-100} platform",
 BOOKTITLE = "Proc.\ IEEE Int'l Symp.\ Parallel and Distributed Processing",
 PAGES = "1--7",
 MONTH = May,
 YEAR = 2009
}

@article{Sch07,
 AUTHOR = "Michael C. Schatz and Cole Trapnell and Arthur L. Delcher and Amitabh Varshney",
 TITLE = "High-throughput sequence alignment using graphics processing units",
 JOURNAL = "BMC Bioinformatics",
 VOLUME = 8,
 PAGES = "474",
 YEAR = 2007
}

@article{Sad03,
 AUTHOR = "R.I. Sadreyev and N.V. Grishin",
 TITLE = "{COMPASS}: a tool for comparison of multiple protein alignments with
          assessment of statistical significance",
 JOURNAL = "J.\ Mol.\ Biol.",
 VOLUME = 326,
 PAGES = "317--336",
 YEAR = 2003
}

@inproceedings{Jac07,
 AUTHOR = "A. Jacob and J. Lancaster and J. Buhler and R. Chamberlain",
 TITLE = "Preliminary results in accelerating profile {HMM} search on {FPGA}s",
 BOOKTITLE = "Proc.\ 6th IEEE Int'l Workshop on High Performance Computational
              Biology",
 MONTH = mar,
 YEAR = 2007
}
 
@article{Ihu11,
 AUTHOR = "N. Ihuegbu and G. Stormo and J. Buhler",
 TITLE = "Fast, sensitive discovery of conserved genome-wide motifs",
 JOURNAL = "J. Computational Biology",
 VOLUME = 19,
 PAGES = "139--147",
 YEAR = 2012
}

@article{Vou11,
 AUTHOR = "P.D. Vouzis and N.V. Sahinidis",
 TITLE = "{GPU-BLAST}: using graphics processors to accelerate protein sequence
          alignment",
 JOURNAL = "Bioinformatics",
 VOLUME = 27,
 PAGES = "182--188",
 YEAR = 2011
}

@article{Wal07,
 AUTHOR = "J.P. Walters and X. Meng and V. Chaudhary and T. Oliver and L.Y. Yeow
           and D. Nathan and B. Schmidt and J. Landman",
 TITLE = {{MPI-HMMER-Boost}: distributed {FPGA} acceleration},
 JOURNAL = "J.\ VLSI Signal Processing",
 VOLUME = 48,
 PAGES = "223--238",
 YEAR = 2007
}


@article{Yon02,
 AUTHOR = "Golan Yona and Michael Levitt",
 TITLE = "Within the twilight zone: a sensitive profile-profile comparison
          tool based on information theory",
 JOURNAL = "J.\ Molecular Biology",
 VOUME = 315,
 PAGES = "1257--1275",
 YEAR = 2002
}

@article{Buh05,
 author = "J. Buhler and U. Keich and Y. Sun",
 title = "Designing seeds for similarity search in genomic {DNA}",
 journal = "J. Computer and System Sciences",
 volume = 70,
 pages = "342--63",
 year = 2005
}
@article{Sun05,
 AUTHOR = "Y. Sun and J. Buhler",
 TITLE = "Designing multiple simultaneous seeds for {DNA} similarity search",
 JOURNAL = "J. Computational Biology",
 VOLUME = 12,
 PAGES = "847--61",
 YEAR = 2005
}

@article{Sun06,
 AUTHOR = "Y. Sun and J. Buhler",
 TITLE = "Choosing the best heuristic for seeded alignment of {DNA}
          sequences",
 JOURNAL = "{BMC} Bioinformatics",
 VOLUME = 7,
 PAGES = "133",
 YEAR = 2006
}

@article{Sun06b,
 AUTHOR = "Y. Sun and J. Buhler",
 TITLE = "Designing patterns for profile {HMM} search",
 JOURNAL = "Bioinformatics",
 VOLUME = 23,
 PAGES = "e36--43",
 YEAR = 2007
}

@inproceedings{Buh04,
 AUTHOR = "J. Buhler and R. Nordgren",
 TITLE = "Toward a phylogenetically aware algorithm for fast {DNA}
          similarity search",
 BOOKTITLE = "Proc.\  2nd {RECOMB} Satellite Conf.\ 
              on Comparative Genomics",
 PAGES = "15--22",
 YEAR = 2004
}

@article{Wes05,
 AUTHOR = "B.~P. Westover and J. Buhler and J.~L. Sonnenburg and J.~I.
           Gordon",
 TITLE = "Operon prediction without a training set", 
 JOURNAL = "Bioinformatics",
 VOLUME = 21,
 PAGES = "880--8",
 YEAR = 2005
}

@article{Son05,
 AUTHOR = "J.L. Sonnenburg and J. Xu and D.D. Leip and C-H. Chien and
           B.P. Westover and J. Weatherford and J.D. Buhler and J.I. Gordon",
 TITLE = "Glycan foraging in vivo by an intestine-adapted bacterial
         symbiont",
 JOURNAL = "Science",
 VOLUME = 307,
 PAGES = "1955--1959",
 YEAR = 2005
}

@inproceedings{Sun08,
 AUTHOR = "Y. Sun and J. Buhler",
 TITLE = "Designing secondary structure profiles for fast {ncRNA}
          identification",
 BOOKTITLE = "Proc.\  2008 Conf.\  Computational
  Systems Bioinformatics (CSB)",
 YEAR = 2008
}

@article{Sun09,
 AUTHOR = "Y. Sun and J. Buhler",
 TITLE = "Designing patterns and profiles for faster {HMM} search",
 JOURNAL = "IEEE Transactions on Computational Biology and
  Bioinformatics",
 VOLUME = 6,
 PAGES = "232--43",
 YEAR = 2009
}

@inproceedings{Sun04,
 AUTHOR = "Y. Sun and J. Buhler",
 TITLE = "Designing multiple simultaneous seeds for {DNA} similarity
          search",
 BOOKTITLE = "Proc.\ 8th Ann.\ Int'l Conf.\ Computational Molecular Biology",
 PAGES = "76--84",
 YEAR = 2004
}

@inproceedings{balc12,
author = {Jeremy D. Buhler and Kunal Agrawal and Peng Li and Roger D. Chamberlain},
title = {Efficient Deadlock Avoidance for Streaming Computation with Filtering},
booktitle = {Proc. 17th ACM SIGPLAN Symp. Principles and Practice of
Parallel Programming},
month = feb,
year = 2012,
pages = {235-246}
}

@inproceedings{mc12,
author = {Lin Ma and Roger D. Chamberlain},
title = {Performance Model for Memory
Bandwidth Constrained Applications on Graphics Engines},
booktitle = {Proc. 23rd IEEE Int'l Conf. on
Application-specific Systems, Architectures and Processors},
month = jul,
year = 2012,
pages = {24-31}
}

@inproceedings{wcc12,
author = {Joseph G. Wingbermuehle and Roger D. Chamberlain and Ron K. Cytron},
title = {{ScalaPipe}: A Streaming Application Generator},
booktitle = {Proc. Symp.
on Application Accelerators in High-Performance Computing},
month = jul,
year = 2012
}

@article{wcc13b,
author = {Joseph G. Wingbermuehle and Ron K. Cytron and Roger D. Chamberlain},
title = {Optimization of Application-Specific Memories},
journal = {IEEE Computer Architecture Letters},
volume = 13,
number = 1,
pages = {45-48},
year = 2014
}

@inproceedings{mcbf11,
author = {Lin Ma and Roger D. Chamberlain and Jeremy D. Buhler
and Mark A. Franklin},
title = {Bloom Filter Performance on Graphics Engines},
booktitle = {Proc. 40th Int'l Conf. on Parallel Processing},
month = sep,
year = 2011,
pages = {522-531}
}

@inproceedings{Bros:12,
author = {Elliott Brossard and Dustin Richmond and Joshua Green and
Carl Ebeling and Larry Ruzzo and Corey Olson and Scott Hauck},
title = {A Data-Intensive Programming Model for {FPGAs}: A Genomics Case Study},
booktitle = {Proc. Symp. Application Accelerators in High-Performance
Computing},
month = jul,
year = 2012
}

@article{EpiGPU,
author = {Gibran Hemani and Athanasios Theocharidis and Wenhua Wei and Chris Haley},
title = {{EpiGPU}: Exhaustive Pairwise Epistasis Scans Parallelized on
Consumer Level Graphics Cards},
journal = {Bioinformatics},
volume = 27,
number = 11,
pages = {1462-1465},
month = jun,
year = 2011
}

@incollection {Coca10,
   author = {Coca, Daniel and Bogdan, Istvan and Beynon, Robert J.},
   affiliation = {Department of Automatic Control & Systems Engineering, University of Sheffield, Sheffield, UK},
   title = {A High-Performance Reconfigurable Computing Solution for Peptide Mass Fingerprinting},
   booktitle = {Proteome Bioinformatics},
   series = {Methods in Molecular Biology},
   editor = {Hubbard, Simon J. and Jones, Andrew R.},
   publisher = {Humana Press},
   isbn = {978-1-60761-444-9},
   keyword = {Biomedical and Life Sciences},
   pages = {163-185},
   volume = {604},
   year = {2010}
}

@article{Bogdan,
author = {Istvan A. Bogdan and Jenny Rivers and Robert J. Beynon and Daniel Coca},
title = {High-performance Hardware Implementation of a Parallel Database Search Engine for Real-time Peptide Mass Fingerprinting},
journal = {Bioinformatics},
volume = 24,
number = 13,
pages = {1498-1502},
month = jul,
year = 2008
}

@article{Baum11,
author = {Baumgardner, Lydia Ashleigh and Shanmugam, Avinash Kumar and Lam, Henry and Eng, Jimmy K. and Martin, Daniel B.},
title = {Fast Parallel Tandem Mass Spectral Library Searching Using {GPU} Hardware Acceleration},
journal = {J. Proteome Research},
volume = {10},
number = {6},
pages = {2882-2888},
year = {2011}
}

@Article{agkl05,
  author ="Saman Amarasinghe and Michael I. Gordon and Michal
           Karczmarek and Jasper Lin and David Maze and Rodric
           M. Rabbah and William Thies",
  title = "Language and compiler design for streaming applications",
  journal = "Int'l J. Parallel Programming",
  year = 2005,
  volume = 33,
  number = "2/3"
}

@inproceedings{okck12,
 author = "Corey Olson and Maria Kim and Cooper Clauson and Boris Kogon
           and Carl Ebeling and Scott Hauck and Walter L. Ruzzo",
 title = "A hardware acceleration of short read mapping",
 booktitle = {Proc.\ 20th IEEE Symp. Field-Programmable Custom
 Computing Machines (FCCM)},
month = apr,
year = 2012
}

@inproceedings{pks12,
 author = "Thomas B. Preusser and Oliver Knodel and Rainer G. Spallek",
 title = "Short-read mapping by a systolic custom {FPGA} computation",
 booktitle = {Proc.\ 20th IEEE Symp. Field-Programmable Custom
 Computing Machines (FCCM)},
 month = apr,
 year = 2012
}

@inproceedings{twdz12,
 author = "Wen Tang and Wendi Wang and Bo Duan and Chunming Zhang and
           Guangming Tan and Peiheng Zhang and Ninghui Sun",
 title = "Accelerating millions of short reads mapping on a
          heterogeneous architecture with {FPGA} accelerator",
 booktitle = {Proc.\ 20th IEEE Symp. Field-Programmable Custom
 Computing Machines (FCCM)},
 month = apr,
 year = 2012
}

@inproceedings{pcc12,
author = {Shobana Padmanabhan and Yixin Chen and Roger D. Chamberlain},
title = {Convexity in Non-convex Optimizations of Streaming Applications},
booktitle = {Proc.\ 18th IEEE Int'l Conf.\ on Parallel and Distributed Systems},
month = dec,
year = 2012,
pages = {668--675}
}

@inproceedings{pcc13a,
author = {Shobana Padmanabhan and Yixin Chen and Roger D. Chamberlain},
title = {Decomposition Techniques for Optimal Design-Space Exploration
of Streaming Applications},
booktitle = {Proc.\  18th ACM SIGPLAN Symp.\ on Principles and Practice
of Parallel Programming},
month = feb,
year = 2013
}

@inproceedings{pcc13b,
author = {Shobana Padmanabhan and Yixin Chen and Roger D. Chamberlain},
title = {Unchaining in Design-space Optimization of Streaming Applications},
booktitle = {Proc.\  Workshop on Data-Flow Execution Models for Extreme Scale Computing},
month = sep,
year = 2013
}


@inproceedings{mac12,
author = {Lin Ma and Kunal Agrawal and Roger D. Chamberlain},
title = {A Memory Access Model for Highly-threaded Many-core Architectures},
booktitle = {Proc.\  IEEE 18th Int'l Conf. on
	Parallel and Distributed Systems},
month = dec,
year = 2012,
pages = {339-347}
}

@article{mac14,
author = {Lin Ma and Kunal Agrawal and Roger D. Chamberlain},
title = {A Memory Access Model for Highly-Threaded Many-Core Architectures},
journal = {Future Generation Computer Systems},
volume = {30},
pages = {202-215},
month = jan,
year = 2014
}

@article{AgraBeDu:12,
author = {Kunal Agrawal and Anne Benoit and Fanny Dufoss\'{e} and Yves Robert},
title = {Mapping Filtering Streaming Applications},
journal = {Algorithmica},
volume = 62,
number = 2,
pages = {258-308},
year = 2012
}

@inproceedings{AgraFiKr:12,
author = {Kunal Agrawal and Jeremy T. Fineman and Jordan Krage and
Charles E. Leiserson and Sivan Toledo},
title = {Cache-Conscious Scheduling of Streaming Applications},
booktitle = {Proc.\  ACM Symp. Parallelism in Algorithms and
	Architectures},
pages = {236-245},
month = jun,
year = 2012
}

@article{wing13,
author = {Joseph G. Wingbermuehle and Ron K. Cytron and Roger D. Chamberlain},
title = {Compiling for Power with {ScalaPipe}},
journal = {J. Systems Architecture},
volume =59,
number = 8,
pages = {615-625},
month = sep,
year = 2013
}

@article{Hudak89,
 author = {Hudak, Paul},
 title = {Conception, evolution, and application of functional programming languages},
 journal = {ACM Comput. Surv.},
 volume = {21},
 number = {3},
 month = sep,
 year = {1989},
 pages = {359--411},
} 

@article{Hillis86,
 author = {Hillis, W. Daniel and Steele,Jr., Guy L.},
 title = {Data parallel algorithms},
 journal = {Commun. ACM},
 volume = {29},
 number = {12},
 month = dec,
 year = {1986},
 pages = {1170--1183},
} 

@article{cilk,
 author = {Blumofe, Robert D. and Joerg, Christopher F. and Kuszmaul, Bradley C. and Leiserson, Charles E. and Randall, Keith H. and Zhou, Yuli},
 title = {Cilk: an efficient multithreaded runtime system},
 journal = {SIGPLAN Not.},
 volume = {30},
 number = {8},
 month = aug,
 year = {1995},
 pages = {207--216},
} 

@inproceedings{bc13a,
 author = {Jonathan C. Beard and Roger D. Chamberlain},
 title = {Use of Simple Analytic Performance Models for Streaming Data Applications Deployed on Diverse Architectures},
 booktitle = {Proc.\  IEEE Int'l Symp. Performance Analysis of Systems and Software},
 month = apr,
 year = 2013,
 pages = {138-139}
}

@inproceedings{bc13b,
 author = {Jonathan C. Beard and Roger D. Chamberlain},
 title = {Analysis of a Simple Approach to Modeling Performance for Streaming Data Applications},
 booktitle = {Proc.\ IEEE Int'l Symp. Modelling, Analysis and Simulation of Computer and Telecommunication Systems},
 month = aug,
 year = 2013,
 pages = {345-349}
}

@inproceedings{bfc12,
 author = {J. Buhler and M. Franklin and R.D. Chamberlain},
 title = {The Biosequence Wish List: A Proposed Application Development Tookit},
 booktitle = {Symp.\ on Application Accelerators in High-Performance Computing},
 month = jul,
 year = 2012
}

@inproceedings{dor10,
author = {Rahav Dor and Joseph M. Lancaster and Mark A. Franklin and Jeremy Buhler and Roger D. Chamberlain},
title = {Using Queuing Theory to Model Streaming Applications},
booktitle = {Proc.\  Symp.\ on Application Accelerators in High Performance
Computing},
month = jul,
year = 2010
}

@inproceedings{gsak00,
  author = {M.~B. Gokhale and J.~M. Stone and J. Arnold and M. Kalinowski},
  title = {Stream-oriented {FPGA} computing in the {Streams-C} high
level language},
  booktitle = {Proc.\  IEEE Int'l Symp.\ on FPGAs for Custom
Computing Machines},
  pages = {49--58},
  year = 2000
}

@techreport{scala,
   author = {Martin Odersky and Philippe Altherr and Vincent Cremet and
             Burak Emir and Sebastian Maneth and St\'{e}phane Micheloud and
             Nikolay Mihaylov and Michel Schinz and Erik Stenman and
             Matthias Zenger},
   title = {An Overview of the {Scala} Programming Language},
   institution = {\'{E}cole Polytechnique F\'{e}d\'{e}rale de Lausanne},
   year = {2004},
   number = {IC/2004/64}
}

@inproceedings{roccc,
   author = {Jason Villarreal and Adrian Park and Walid Najjar and
             Robert Halstead},
   title = {Designing Modular Hardware Accelerators in {C} with {ROCCC} 2.0},
   booktitle ={Proc. IEEE Symp. Field-Programmable Custom Computing Machines},
   year = {2010},
   pages = {127-134},
}

@INPROCEEDINGS{dwarv,
   author={Yankova, Y. and Kuzmanov, G. and Bertels, K. and Gaydadjiev, G. and Yi Lu and Vassiliadis, S.},
   booktitle={Int'l Conf. on Field Programmable Logic and Applications},
   title={{DWARV}: Delftworkbench Automated Reconfigurable {VHDL} Generator},
   year={2007},
   month=aug,
   volume={},
   number={},
   pages={697-701},
   doi={10.1109/FPL.2007.4380748},
}

@inproceedings{Jac08,
 author = {Arpith Jacob and Jeremy D. Buhler and Roger D. Chamberlain},
 title = {Accelerating {Nussinov} {RNA} Secondary Structure Prediction with Systolic Arrays on {FPGAs}},
 booktitle = {Proc.\  IEEE Int'l Conf. on Application-specific Systems, Architectures and Processors},
 month = jul,
 year = 2008,
 pages = {191-196}
}

@INPROCEEDINGS{ntrjz12,
author={Nelson, C. and Townsend, K. and Rao, B.S. and Jones, P. and Zambreno, J.},
booktitle={Proc. 10th IEEE/ACM Int'l Conf. on Formal Methods and Models for Codesign},
title={Shepard: A fast exact match short read aligner},
year={2012},
pages={91-94}
}

@ARTICLE{spiral,
author={Puschel, M. and Moura, J.M.F. and Johnson, J.R. and Padua, D. and Veloso, M.M. and Singer, B.W. and Xiong, J. and Franchetti, F. and Gacic, A. and Voronenko, Y. and Chen, K. and Johnson, R.W. and Rizzolo, N.},
journal={Proceedings of the IEEE},
title={{SPIRAL}: Code Generation for {DSP} Transforms},
year={2005},
volume={93},
number={2},
pages={232-275},
}

@incollection{polyhedralSystolic,
author = {Dominique Lavenier and Patrice Quinton and Sanjay Rajopadhye},
title = {Advanced Systolic Design},
booktitle = {Digital Signal Processing for Multimedia Systems},
chapter = 5,
editor = {Keshab K. Parhi and Takao Nishitani},
publisher = {Marcel Dekker, Inc.},
address = {New York, NY, USA},
year =  1999
}

@INPROCEEDINGS{dxzy08,
author={Yong Dou and Fei Xia and Xingming Zhou and Xuejun Yang},
booktitle={IEEE Int'l Conf. on Computer Design},
title={Fine-grained parallel application specific computing for {RNA} secondary structure prediction on {FPGA}},
year={2008},
pages={240-247}
}

@inproceedings{Jac09,
author = {Arpith C. Jacob and Jeremy D. Buhler and Roger D. Chamberlain},
title = {Optimal Runtime Reconfiguration Strategies for Systolic Arrays},
booktitle = {Proc. 19th Int'l Conf. on Field Programmable Logic and Applications},
month = aug,
year = 2009,
pages = {162-167}
}

@article{Derrien10,
  title={Hardware Acceleration of {HMMER} on {FPGAs}},
  author={Derrien, Steven and Quinton, Patrice},
  journal={J. Signal Processing Systems},
  volume={58},
  number={1},
  pages={53--67},
  year={2010},
  publisher={Springer}
}

@article{Oliver08,
  title={Integrating {FPGA} acceleration into {HMMer}},
  author={Oliver, Tim and Yeow, Leow Yuan and Schmidt, Bertil},
  journal={Parallel Computing},
  volume={34},
  number={11},
  pages={681--691},
  year={2008},
  publisher={Elsevier}
}

@inproceedings{Takagi09,
  title={Accelerating {HMMER} search using {FPGA}},
  author={Takagi, Toyokazu and Maruyama, Tsutomu},
  booktitle={Proc.\  Int'l Conf. on Field Programmable Logic and Applications},
  pages={332--337},
  year={2009},
}

@article{Markham05,
  title={{DINAMelt} web server for nucleic acid melting prediction},
  author={Markham, Nicholas R and Zuker, Michael},
  journal={Nucleic acids research},
  volume={33},
  number={suppl 2},
  pages={W577--W581},
  year={2005},
  publisher={Oxford Univ Press}
}

@article{Hofacker94,
  title={Fast folding and comparison of {RNA} secondary structures},
  author={Hofacker, Ivo L and Fontana, Walter and Stadler, Peter F and Bonhoeffer, L Sebastian and Tacker, Manfred and Schuster, Peter},
  journal={Monatshefte f{\"u}r Chemie/Chemical Monthly},
  volume={125},
  number={2},
  pages={167--188},
  year={1994},
  publisher={Springer}
}

@article{EEH08,
 author = {Tarek El-Ghazawi and  Esam El-Araby and Miaoqing Huang and Kris Gaj
 and Volodymyr Kindratenko and Duncan Buell},
 title = {The Promise of High-Performance Reconfigurable Computing},
 journal = {Computer},
 volume = 41,
 number = 2,
 pages = {69--76},
 month = feb,
 year = 2008
}

@incollection{Yu05,
  title={A {Smith-Waterman} systolic cell},
  author={Yu, Chi Wai and Kwong, KH and Lee, Kin-Hong and Leong, Philip Heng Wai},
  booktitle={New Algorithms, Architectures and Applications for Reconfigurable Computing},
  pages={291--300},
  year={2005},
  publisher={Springer}
}

@article{Li07,
  title={160-fold acceleration of the {Smith-Waterman} algorithm using a field programmable gate array {(FPGA)}},
  author={Li, Isaac TS and Shum, Warren and Truong, Kevin},
  journal={BMC Bioinformatics},
  volume={8},
  number={1},
  pages={185},
  year={2007},
  publisher={BioMed Central Ltd}
}

@inproceedings{Yamaguchi01,
  title={High speed homology search with {FPGAs}},
  author={Yamaguchi, Yoshiki and Maruyama, Tsutomu and Konagaya, Akihiko},
  booktitle={Proc.\  7th Pacific Symp. Biocomputing},
  pages={271--282},
  year={2001}
}

@article{Ste05,
 AUTHOR = "Peter Steffen and Robert Giegerich",
 TITLE = "Versatile and declarative dynamic programming using pair algebras",
 JOURNAL = "BMC Bioinformatics",
 VOLUME = 6,
 PAGES = "224",
 YEAR = 2005
}

@inproceedings{Han08,
 AUTHOR = "Frank Hannig and Holger Ruckdeschel and Hritam Dutta and
           Jurgen Teich",
 TITLE = "{PARO}: synthesis of hardware accelerators for multi-dimensional
          dataflow-intensive applications",
 BOOKTITLE = "Proc.\  4th Int'l Workshop on Applied Reconfigurable Computing",
 Year = 2008
}

@article{Lan12,
 AUTHOR = "B. Langmead and S. Salzberg",
 TITLE = "Fast gapped-read alignment with {Bowtie} 2",
 JOURNAL = "Nature Methods",
 VOLUME = 9,
 PAGES = "357--9",
 YEAR = 2012
}

@unpublished{Li13,
 AUTHOR = "Heng Li",
 TITLE = "Aligning sequence reads, clone sequences and assembly
          contigs with {BWA-MEM}",
 NOTE = "arXiv:1303.3997v1",
 YEAR = 2013
}

@article{Alk09,
 AUTHOR = "C. Alkan and J.~M. Kidd and T. {Marques-Bonet} and
          G. Aksay and F. Antonacci and F. Hormozdiari and
          J.~O. Kitzman and C. Baker and M. Malig and O. Mutlu
          and S.~C. Sahinalp and R.~A. Gibbs and E.~E. Eichler",
 TITLE = "Personalized copy number and segmental duplication
          maps using next-generation sequencing",
 JOURNAL = "Nature Genetics",
 VOLUME = 41,
 PAGES = "1061--7",
 YEAR = 2009
}

@article{HMMER3,
 AUTHOR = "Sean Eddy",
 TITLE = "Accelerated profile {HMM} searches",
 JOURNAL = "{PLoS} Computational Biology",
 VOLUME = 7,
 PAGES = "e1002195",
 YEAR = 2011
}

@article{Fin09,
 AUTHOR = "Stacy R. Finkbeiner and Yan Li and Susan Ruone and
           Christina Conrardy and Nicole Gregoricus and Denise Toney
           and Herbert W. Virgin and Larry J. Anderson and Jan Vinje
           and David Wang and Suxiang Tong",
 TITLE = "Identification of a novel astrovirus ({Astrovirus VA1})
          associated with an outbreak of acute gastroenteritis",
 JOURNAL = "J. Virology",
 VOLUME = 83,
 PAGES = "10836--9",
 YEAR = 2009
}


@misc{GenbankGrowth,
 key = {GenBank},
 title = {Growth of {GenBank} 196.0},
 year = 2013,
 note = {\url{ftp://ftp.ncbi.nih.gov/genbank/release.notes/gb196.release.notes}}
}

@misc{SRAGrowth,
 key = {Sequence Read Archive},
 title = {Growth of {Sequence Read Archive}},
 year = 2013,
 note = {\url{http://www.ebi.ac.uk/ena/about/statistics}}
}

@inproceedings{Mitreva2010,
 AUTHOR = "Makedonka Mitreva",
 TITLE = "Shotgun metagenomic sequencing and analysis at the
          {Washington University Genome Center}",
 BOOKTITLE = "Human Microbiome Research Conf.",
 YEAR = 2010
}

@article{Ole12,
 AUTHOR = "T.~K. Oleksyk and J.~F. Pombert and D. Siu and A. {Mazo-Vargas}
           and B. Ramos and others",
 TITLE = "A locally funded {Puerto Rican} parrot ({Amazona} vittata)
          genome sequencing project increases avian data and advances
          young researcher education",
 JOURNAL = "Gigascience",
 VOLUME = 1,
 PAGES = "14",
 YEAR = 2012
}

@article{Zer08,
 author = "D.~R. Zerbino and E. Birney",
 TITLE = "Velvet: algorithms for de novo short read assembly using
          de Bruijn graphs",
 JOURNAL = "Genome Research",
 VOLUME = 18,
 PAGES = "821--829",
 YEAR = 2008
}

@inproceedings{tgff,
  title={{TGFF}: Task graphs for free},
  author={Dick, R.P. and Rhodes, D.L. and Wolf, W.},
  booktitle={Proc. 6th Int'l Workshop on Hardware/Software Codesign},
  pages={97--101},
  year={1998}
}

@article{jewell62,
  title={New Methods in Mathematical Programming--Optimal Flow Through Networks with Gains},
  author={Jewell, W.S.},
  journal={Operations Research},
  volume = 10,
  number = 4,
  pages={476--499},
  year={1962},
}

@inproceedings{zo11,
 author = {Y. Zhang and J. Owens},
 title = {A quantitative performance analysis model for {GPU} architectures},
 booktitle = {Proc.\  Int'l Symp.\ on High Performance Computer Architecture},
 month = feb,
 pages = {382-393},
 year = 2011
}

@inproceedings{sdkv12,
 author = {Sim, Jaewoong and Dasgupta, Aniruddha and Kim, Hyesoon and Vuduc, Richard},
 title = {A Performance Analysis Framework for Identifying Potential Benefits in {GPGPU} Applications},
 booktitle = {Proc.\  17th ACM SIGPLAN Symp.\ on Principles and Practice of Parallel Programming},
 year = {2012},
 pages = {11--22}
} 

@inproceedings{hk09,
 author = {Hong, Sunpyo and Kim, Hyesoon},
 title = {An Analytical Model for a {GPU} Architecture with Memory-level and Thread-level Parallelism Awareness},
 booktitle = {Proc.\  36th Int'l Symp.\ on Computer Architecture},
 year = {2009},
 pages = {152--163}
} 

@inproceedings{Chandy82,
 author = {K. Many Chandy and Jayadev Misra},
 title = {A distributed algorithm for detecting resource deadlocks in distributed systems},
 booktitle = {Proc.\  First ACM SIGACT-SIGOPS Symp.\ on Principles of Distributed Computing},
 year = {1982},
 pages = {157--164},
}

@article{Chandy83,
  author    = {K. Mani Chandy and
               Jayadev Misra and
               Laura M. Haas},
  title     = {Distributed Deadlock Detection},
  journal   = {ACM Trans. Comput. Syst.},
  volume    = {1},
  number    = {2},
  year      = {1983},
  pages     = {144-156}
}

@article{Misra86,
  author    = {Jayadev Misra},
  title     = {Distributed Discrete-Event Simulation},
  journal   = {ACM Comput. Surv.},
  volume    = {18},
  number    = {1},
  year      = {1986},
  pages     = {39-65}
}

@article{Fujimoto90,
  author    = {Richard Fujimoto},
  title     = {Parallel Discrete Event Simulation},
  journal   = {Commun. ACM},
  volume    = {33},
  number    = {10},
  year      = {1990},
  pages     = {30-53}
}

@misc{top500,
 key = {top500},
 title = {{Top 500 Supercomputer Sites}},
 howpublished = {\url{http://www.top500.org}}
}

@article{Lee87,
  author = {Edward A. Lee and David G. Messerschmitt},
  title = {Synchronous Data Flow},
  journal = {Proceedings of the IEEE},
  volume = {75},
  number = {9},
  pages = {1235--1245},
  month = {September},
  year = {1987},
}

@article{mapreduce,
 author = {Dean, Jeffrey and Ghemawat, Sanjay},
 title = {{MapReduce}: Simplified Data Processing on Large Clusters},
 journal = {Commun. ACM},
 volume = {51},
 number = {1},
 month = jan,
 year = {2008},
 pages = {107--113}
} 

@article{violajones,
 author = {Paul Viola and Michael Jones},
 title = "Robust real-time face detection",
 journal = "Int'l J. Computer Vision",
 volume = 57,
 number = 2,
 pages = "137--154",
 year = 2004
}

@book{MetaBook,
 AUTHOR = "{NRC Committee on Metagenomics}",
 TITLE = "The New Science of Metagenomics: Revealing the Secrets of our Microbial Planet",
 PUBLISHER = "National Academies Press",
 YEAR = 2007
}

@article{Li09b,
 AUTHOR = "W. Li",
 TITLE = "Analysis and comparison of very large metagenomes with fast
          clustering and functional annotation",
 JOURNAL = "BMC Bioinformatics",
 VOLUME = 10,
 PAGES = "359",
 YEAR = 2009
}

@article{MEME,
 author = "T.L. Bailey and M. Boden and F.A. Buske and M. Frith and
                  C.E. Grant and L. Clementi and J. Ren and W.W. Li
                  and and W.S. Noble",
 title = "{MEME SUITE}: tools for motif discovery and searching",
 journal = "Nucleic Acids Research",
 VOLUME = 37,
 PAGES = "W202--W208",
 YEAR = 2009
}

@article{GibbsMotif,
 AUTHOR = "W. Thompson and M.J. Palumbo and W.W. Wasserman and J.S. Liu and
           C.E. Lawrence",
 TITLE = "Decoding human regulatory circuits",
 JOURNAL = "Genome Research",
 VOLUME = 14,
 NUMBER = "10A",
 PAGES = "1967--1974",
 YEAR = 2004
}

@inproceedings{Ferr00,
 author = "P. Ferragina and G. Manzini",
 title = "Opportunistic data structures with applications",
 booktitle = "Proc.\ 41st Ann.\ Symp.\ Foundations of Computer Science",
 pages = "390--398",
 year = 2000
}

@article{Naw09,
 AUTHOR = "E.~P. Nawrocki and D.~L. Kolbe and S.~R. Eddy",
 TITLE = "Infernal 1.0: inference of {RNA} alignments",
 JOURNAL = "Bioinformatics",
 VOLUME = 25,
 PAGE = "1335--1337",
 YEAR = 2009
}

@inproceedings{Hef10,
 AUTHOR = "D. Hefenbrock and J. Oberg and N.~T. Thanh and R. Kastner and
           S.~B. Baden",
 TITLE = "Accelerating {Viola-Jones} Face Detection to {FPGA}-Level
          Using {GPU}s",
 booktitle = "Proc.\ 18th IEEE Ann.\ Int'l.\ Symp.\ Field-Programmable
              Custom Computing Machines (FCCM)",
 pages = "11--18",
 year = 2010
}

@article{Boy77,
 AUTHOR = "R.~S. Boyer and J.~S. Moore",
 TITLE = "A fast string searching algorithm",
 JOURNAL = "Communications of the ACM",
 VOLUME = 20,
 NUMBER = 10,
 PAGES = "762--772",
 YEAR = 1977
}

@article{Knu77,
 AUTHOR = "D. Knuth and J.~H. Morris and V. Pratt",
 TITLE = "Fast pattern matching in strings",
 JOURNAL = "SIAM J. on Computing",
 VOLUME = 6,
 NUMBER = 2,
 PAGES = "323--350",
 YEAR = 1977
}

@article{Mar00,
 AUTHOR = "G. Marsaglia and W.~W. Tang",
 TITLE = "The Ziggurat Method for generating random variables",
 JOURNAL = "J. Statistical Software",
 VOLUME = 5,
 NUMBER = 8,
 PAGES = "1--7",
 YEAR = 2000
}

@inproceedings{chen2011,
  title={Classifier Cascade for Minimizing Feature Evaluation Cost},
  author={Chen, M. and Xu, Z. and Weinberger, K. Q. and Chapelle, O.},
  year={2012},
  organization={AISTATS},
  booktitle = "J. Machine Larning Research -- Proceedings Track",
  pages = "281--226"
}

@article{Blu99,
 AUTHOR = "R.~D. Blumofe and C.~E. Leiserson",
 TITLE = "Scheduling multithreaded computations by work stealing",
 JOURNAL = "J.\ ACM",
 VOLUME = 46,
 NUMBER = 5,
 PAGES = "720--748",
 YEAR = 1999
}

@inproceedings{Buc04,
 AUTHOR = "I. Buck and T. Foley and D. Horn and J. Sugerman and K. Fatahalian
           and M. Houston and P. Hanrahan",
 TITLE = "Brook for {GPUs}: stream computing on graphics hardware",
 BOOKTITLE ="ACM Transactions on Graphics (Proc.\ SIGGRAPH 2004)",
 pages = "777--786",
 YEAR = 2004
}

@inproceedings{McCoo04,
 AUTHOR = "M. McCool and S. {du Toit} and T. Popa and B. Chan and K. Moule",
 TITLE = "Shader algebra",
 BOOKTITLE ="ACM Transactions on Graphics (Proc.\ SIGGRAPH 2004)",
 pages = "787--795",
 YEAR = 2004
}

@inproceedings{Ste12,
 AUTHOR = "M. Steinberger and B. Kainz and B. Kerbl and S. Hausweisner
           and M. Kenzel and D. Schmalsteig",
 TITLE = "Softshell: dynamic scheduling on {GPU}s",
 BOOKTITLE ="ACM Transactions on Graphics (Proc.\ SIGGRAPH 2012)",
 pages = "161",
 YEAR = 2012
}

@misc{CUB,
key = {CUB},
title = {{CUB} Library},
note = {\url{http://nvlabs.github.io/cub}}
}

@misc{Thrust,
key = {Thrust},
title = {Thrust Library},
note = {\url{http://thrust.github.io/}}
}

@misc{KeplerTuningGuide,
key = {Kepler Tuning Guide},
title = {{NVIDIA Kepler} Tuning Guide},
note = {\url{http://docs.nvidia.com/cuda/kepler-tuning-guide/}}
}

@misc{PoCC,
key = {PoCC},
title = {{Polyhedral Compiler Collection}},
note = {\url{htp://www.cse.ohio-state.edu/~pouchet/software/pocc}}
}

@inproceedings{Gup12,
AUTHOR = "K. Gupta and J.~A. Stuart and J.~D. Owens",
TITLE = "A study of persistent threads style {GPU} programming for
         {GPGPU} workloads",
BOOKTITLE="Innovative Parallel Computing (IEEE InPar)",
PAGES = "1--14",
YEAR = 2012
}
                  
@article{Ko05,
 AUTHOR = "D. Ko and S.~S. Bhattacharyya",
 TITLE = "Modeling of block-based {DSP} systems",
 JOURNAL = "J.\ VLSI Signal Processing Systems for
            Signal, Image, and Video Technology",
 VOLUME = 40,
 PAGES = "289--200",
 YEAR = 2005
}

@inproceedings{McAll04,
 AUTHOR = "J. McAllister and R. Woods and R. Walke and D. Reilly",
 TITLE = "Synthesis and high level optimization of multidimensional
          data flow actor networks on {FPGA}",
 BOOKTITLE="Proc.\ IEEE Workshop on Signal Processing Systmes",
 YEAR = 2004
}

@inproceedings{Wan12,
 AUTHOR = "L-H. Wang and C-C. Shen and G. Seetharaman and K. Palaniappan
          and S.~. Bhattacharyya",
 TITLE = "Multidimensional dataflow graph modeling and mapping for
          efficient {GPU} implementation",
 BOOKTITLE = "PRoc.\ IEEE Workshop on Signal Processing Systems",
 YEAR = 2012
}

@article{Ver13,
 AUTHOR = "S. Verdoolaege and J.~C. Juega and A. Cohen and J.~I. Gomez
           and C. Tenllado and F. Catthoor",
 TITLE = "Polyhedral parallel code generation for {CUDA}",
 JOURNAL = "ACM Transactions on Architecture and Code Optimization",
 VOLUME = 9,
 NUMBER = 4,
 PAGES = "54",
 YEAR = 2013
}

@inproceedings{Bas10,
 AUTHOR = "M.~M. Baskaran and J. Ramanujam and P. Sadyappan",
 TITLE = "Automatic {C-to-CUDA} code generation for affine
          programs",
 BOOKTITLE = "Proc.\ 19th Int'l Conf.\ on Compiler Construction (ETAPS 2010)",PAGES = "244--263",
 YEAR = 2010
}

@inproceedings{Bag10,
 AUTHOR = "S. Baghdadi and A. Grosslinger and A. Cohen",
 TITLE = "Putting automatic polyhedral compilation for {GPGPU} to work",
 BOOKTITLE = "Proc.\ 15th Workshop on Compilers for Parallel Computing (CPC)",
 YEAR = 2010
}
 
@inproceedings{Mer12,
 AUTHOR = "D. Merrill and M. Garland and A. Grimshaw",
 TITLE = "Scalable {GPU} Graph Traversal",
 BOOKTITLE = "Proc.\ 17th ACM SIGPLAN Symp.\ Principles and Practice of 
              Parallel Programming",
 PAGES = "117--127",
 YEAR = 2012
}

@article{Boy12,
 AUTHOR = "V. Boyer and D. {El Baz} and M. Elkihel",
 TITLE = "Solving knapsack problems on {GPU}",
 JOURNAL = "Computers and Operations Research",
 VOLUME = 39,
 PAGES = "42--47",
 YEAR = 2012
}
@article{Wan14,
 AUTHOR = "L. Wan and K. Li and J. Liu and K. Li",
 TITLE = "{GPU} implementation of a parallel two-list algorithm
          for the subset-sum problem",
 JOURNAL = "Concurrency and Computation: Practice and Experience",
 NOTE = "Advance online doi 10.1002/cpe.3201",
 YEAR = 2014
}

@article{Kar67,
 AUTHOR = "R. Karp and R. Miller and S. Winograd",
 TITLE = "The organization of computations for uniform recurrence
          equations",
 JOURNAL = "J.\ ACM",
 VOLUME = 14,
 PAGES = "563--590",
 YEAR = 1967
}

@article{Bou98,
 AUTHOR = "P. Boulet and A. Darte and G.-A. Silber and F. Vivien",
 TITLE = "Loop parallelization algorithms: from parallelism extraction to
          code generation",
 JOURNAL = "Parallel Computing",
 YEAR = 1998
}

@inproceedings{Bon08,
 AUTHOR = "U, Bondhugula and A. Hartono and J. Ramanujam and P. Sadayappan",
 TITLE = "A practical automatic polyhedral parallelizer and locality
          optimizer",
 BOOKTITLE = "Proc.\ 2008 ACM Conf.\ Programming Language Design and
                  Implementation",
 YEAR = 2008
}

@article{Ste97,
 AUTHOR = "R. Stephens",
 TITLE = "A survey of stream processing",
 JOURNAL = "Acta Informatica",
 VOLUME = 34,
 PAGES = "491--541",
 YEAR = 1997
}

@inproceedings{Kandel11,
 author = {Kandel, Sean and Paepcke, Andreas and Hellerstein, Joseph and Heer, Jeffrey},
 title = {Wrangler: Interactive Visual Specification of Data Transformation Scripts},
 booktitle = {Proc.\  SIGCHI Conf.\ on Human Factors in Computing Systems},
 year = {2011},
 isbn = {978-1-4503-0228-9},
 location = {Vancouver, BC, Canada},
 pages = {3363--3372},
 numpages = {10},
 url = {http://doi.acm.org/10.1145/1978942.1979444},
 doi = {10.1145/1978942.1979444},
 acmid = {1979444},
 keywords = {data analysis, data cleaning, transformation, visualization, wrangler},
} 

@inproceedings{Thies10,
 author = {Thies, William and Amarasinghe, Saman},
 title = {An empirical characterization of stream programs and its implications for language and compiler design},
 booktitle = {Int'l Conf. on Parallel Architectures and Compilation Techniques},
 year = {2010},
 location = {Vienna, Austria},
 pages = {365--376},
 numpages = {12},
 acmid = {1854319},
 keywords = {benchmark suite, stream programming, streamit, synchronous dataflow, workload characterization},
}

@article{Gaber05,
 author = {Gaber, Mohamed Medhat and Zaslavsky, Arkady and Krishnaswamy, Shonali},
 title = {Mining data streams: a review},
 journal = {SIGMOD Rec.},
 volume = {34},
 number = {2},
 year = {2005},
 pages = {18--26},
 numpages = {9},
 acmid = {1083789},
 publisher = {ACM},
 address = {New York, NY, USA},
}

@inproceedings{Romein06,
 author = {Romein, John W. and Broekema, P. Chris and van Meijeren, Ellen and van der Schaaf, Kjeld and Zwart, Walther H.},
 title = {Astronomical real-time streaming signal processing on a {Blue Gene/L} supercomputer},
 booktitle = {ACM Symp. Parallelism in Algorithms and Architectures},
 year = {2006},
 location = {Cambridge, Massachusetts, USA},
 pages = {59--66},
 numpages = {8},
 acmid = {1148118},
 keywords = {Blue Gene/L, LOFAR, correlator, filtering},
}

@inproceedings{Liu06,
 author = {Liu, Ying and Vijayakumar, Nithya and Plale, Beth},
 title = {Stream processing in data-driven computational science},
 booktitle = {IEEE/ACM Int'l Conf. on Grid Computing},
 year = {2006},
 pages = {160--167},
 numpages = {8},
 acmid = {1513958},
}

@article{Khai01,
 author = {B. Khailany and W.J. Dally and S. Rixner and U.J. Kapasi
 and P. Mattson and J. Namkoong and J.D. Owens and B. Towles and A. Chang},
 title = {{Imagine}: Media processing with streams},
 journal = {IEEE Micro},
 pages = {35--46},
 month = {March/April},
 year = {2001},
}

@article{bgs06,
  author = {Gordon Bell and Jim Gray and Alex Szalay},
  title = {Petascale Computational Systems},
  journal = {Computer},
  volume = 39,
  number = 1,
  pages = {110--112},
  year = 2006,
  month = jan
}

@article{hgp12,
author = {Tony Hey and Dennis Gannon and Jim Pinkelman},
title = {The Future of Data-Intensive Science},
journal ={Computer},
volume = {45},
number = 5,
month = may,
year = 2012,
pages = {81-82}
}

@misc{Bhide14,
author = {Manish A. Bhide and Krishna K. Bonagiri and Srinivas K. Mittapalli and Sumit Negi},
title = {Enhancing performance of extract, transform, and load ({ETL}) jobs},
howpublished = {U.S. Patent Application Publication No. 20140089251},
month = mar,
year = 2014
}

@article{khp11,
author = {Sean Kandel and Jeffrey Heer and Catherine Plaisant and
    Jessie Kennedy and Frank {van Ham} and Nathalie Henry Riche and
    Chris Weaver and Bongshin Lee and Dominique Brodbeck and Paolo Buono},
title = {Research directions in data wrangling: Visualizations and
    transformations for usable and credible data},
journal = {Information Visualization},
volume = 10,
number = 4,
pages = {271-288},
month = oct,
year = 2011
}

@book{dj03,
author = {Tamraparni Dasu and Theodore Johnson},
title = {Exploratory Data Mining and Data Cleaning},
publisher = {John Wiley \& Sons, Inc.},
location = {New York, NY},
year = 2003
}

@phdthesis{Guo12,
author = {Philip Jia Guo},
title = {Software Tools to Facilitate Research Programming},
school = {Stanford Univ.},
month = may,
year = 2012
}

@inproceedings{gkhh11,
 author = {Guo, Philip J. and Kandel, Sean and Hellerstein, Joseph M. and Heer, Jeffrey},
 title = {Proactive Wrangling: Mixed-initiative End-user Programming of Data Transformation Scripts},
 booktitle = {Proc. 24th ACM Symp.\ on User Interface Software and Technology},
 year = {2011},
 isbn = {978-1-4503-0716-1},
 location = {Santa Barbara, California, USA},
 pages = {65--74},
 url = {http://doi.acm.org/10.1145/2047196.2047205},
 doi = {10.1145/2047196.2047205},
 acmid = {2047205},
 keywords = {data analysis, data cleaning, data transformation, end-user programming, mixed-initiative interfaces},
}

@inproceedings{Sujeeth13,
 author = {Sujeeth, Arvind K. and Gibbons, Austin and Brown, Kevin J. and Lee, HyoukJoong and Rompf, Tiark and Odersky, Martin and Olukotun, Kunle},
 title = {Forge: Generating a High Performance {DSL} Implementation from a Declarative Specification},
 booktitle = {Proc.\  12th Int'l Conf.\ on Generative Programming: Concepts \& Experiences},
 year = {2013},
 isbn = {978-1-4503-2373-4},
 location = {Indianapolis, Indiana, USA},
 pages = {145--154},
 url = {http://doi.acm.org/10.1145/2517208.2517220},
 doi = {10.1145/2517208.2517220},
 acmid = {2517220},
 keywords = {code generation, domain-specific languages, multi-stage programming, parallel programming},
}

@article{vvsks01,
author = {Panos Vassiliadis and Zografoula Vagena and Spiros Skiadopoulos and
Nikos Karayannidis and Timos Sellis},
title = {{ARKTOS}: Towards the modeling, design, control and execution
of {ETL} processes},
journal = {Information Systems},
volume = 26,
number = 8,
pages = {537-561},
month = dec,
year = 2001
}

@inproceedings{ElAkkaoui09,
 author = {El Akkaoui, Zineb and Zimanyi, Esteban},
 title = {Defining {ETL} Worfklows Using {BPMN} and {BPEL}},
 booktitle = {Proc.\  ACM Int'l Workshop on Data Warehousing and OLAP},
 year = {2009},
 isbn = {978-1-60558-801-8},
 location = {Hong Kong, China},
 pages = {41--48},
 url = {http://doi.acm.org/10.1145/1651291.1651299},
 doi = {10.1145/1651291.1651299},
 acmid = {1651299},
 keywords = {conceptual modeling, data warehouses, etl, logical modeling},
} 

@article{Galhardas00,
 author = {Galhardas, Helena and Florescu, Daniela and Shasha, Dennis and Simon, Eric},
 title = {{AJAX}: An Extensible Data Cleaning Tool},
 journal = {SIGMOD Rec.},
 volume = {29},
 number = {2},
 month = jun,
 year = {2000},
 issn = {0163-5808},
 pages = {590},
 url = {http://doi.acm.org/10.1145/335191.336568},
 doi = {10.1145/335191.336568},
 acmid = {336568},
} 

@inproceedings{Raman01,
author = {Vijayshankar Raman and Joseph M. Hellerstein},
title = {{Potter's Wheel}: An Interactive Data Cleaning System},
booktitle = {Proc.\  27th Int'l Conf. on Very Large Data Bases},
pages = {381-390},
month = sep,
year = 2001
}

@incollection{sm13,
year={2013},
isbn={978-3-642-36317-7},
booktitle={Business Intelligence},
volume={138},
series={Lecture Notes in Business Information Processing},
doi={10.1007/978-3-642-36318-4_6},
title={Big Data Analytics on Modern Hardware Architectures: A Technology Survey},
url={http://dx.doi.org/10.1007/978-3-642-36318-4_6},
publisher={Springer Berlin Heidelberg},
keywords={Modern Hardware Architectures; GPGPU; GPU; APU; FPGA; DBMS; Big Data Analytics},
author={Saecker, Michael and Markl, Volker},
pages={125-149}
}

@misc{velocidata,
author = {{VelociData, Inc.}},
title = {Achieving Parallelism with Heterogeneous Computing Cores},
howpublished = {White paper, VelociData, Inc., St. Louis, MO},
}

@inproceedings{cg09,
author = {Roger D. Chamberlain and Narayan Ganesan},
title = {Sorting on Architecturally Diverse Computer Systems},
booktitle = {Proc.\  Third Int'l Workshop on High-Performance
Reconfigurable Computing Technology and Applications},
month = nov,
year = 2009 
}

@inproceedings{ccfi03,
author = {Roger D. Chamberlain and Ron K. Cytron and Mark A. Franklin and
Ronald S. Indeck},
title = {The {Mercury} System: Exploiting Truly Fast Hardware for Data Search},
booktitle = {Proc.\  Int'l Workshop on Storage Network Architecture and
Parallel I/Os},
month = sep,
year = 2003,
pages = {65-72}
}

@inproceedings{gcbt10,
author = {Narayan Ganesan and Roger D. Chamberlain and Jeremy Buhler
and Michela Taufer},
title = {Accelerating {HMMER} on {GPUs} by Implementing Hybrid Data
and Task Parallelism},
booktitle = {Proc.\  ACM Int'l Conf.\ on Bioinformatics and
Computational Biology},
month = aug,
year = 2010,
pages = {418-421}
}

@inproceedings{wcc14,
author = {Joseph G. Wingbermuehle and Ron K. Cytron and Roger D. Chamberlain},
title = {Superoptimization of Memory Subsystems},
booktitle = {Proc.\  ACM SIGPLAN Conf.\ on Languages, Compilers, and
Tools for Embedded Systems},
month = jun,
year = 2014
}

@inproceedings{dzt12,
author = {Christopher Dennl and Daniel Ziener and Jurgen Teich},
title = {On-the-fly Composition of {FPGA}-Based {SQL} Query Accelerators Using a Partially Reconfigurable Module Library},
booktitle ={Proc.\  IEEE Symp.\ on Field-Programmable Custom Computing Machines},
isbn = {978-0-7695-4699-5},
year = {2012},
pages = {45-52},
doi = {http://doi.ieeecomputersociety.org/10.1109/FCCM.2012.18},
}

@inproceedings{ap13,
author = {Kanak Agarwal and Raphael Polig},
title = {A high-speed and large-scale dictionary matching engine for Information Extraction systems},
booktitle ={Proc.\  IEEE 24th Int'l Conf.\ on Application-specific Systems,
Architectures and Processors},
issn = {2160-0511},
year = {2013},
pages = {59-66},
doi = {http://doi.ieeecomputersociety.org/10.1109/ASAP.2013.6567551},
}

@inproceedings{ls12,
 author = {LaForest, Charles Eric and Steffan, John Gregory},
 title = {{OCTAVO}: An {FPGA}-centric Processor Family},
 booktitle = {Proc.\  ACM/SIGDA Int'l Symp.\ on Field-Programmable Gate Arrays},
 year = {2012},
 isbn = {978-1-4503-1155-7},
 location = {Monterey, California, USA},
 pages = {219--228},
 url = {http://doi.acm.org/10.1145/2145694.2145731},
 doi = {10.1145/2145694.2145731},
 acmid = {2145731},
 keywords = {FPGA, microarchitecture, multithreading, soft processor},
}

@inproceedings{dml05,
author = {R. Dimond and O. Mencer and W. Luk},
title = {{CUSTARD} - a customisable threaded {FPGA} soft processor and tools},
booktitle = {Proc.\  Int'l Conf.\ on Field Programmable Logic and Applications},
isbn = {0-7803-9362-7},
year = {2005},
pages = {1-6},
doi = {http://doi.ieeecomputersociety.org/10.1109/FPL.2005.1515690},
}

@inproceedings{Gaisler02,
 author = {Gaisler, Jiri},
 title = {A Portable and Fault-Tolerant Microprocessor Based on the {SPARC V8} Architecture},
 booktitle = {Proc.\  Int'l Conf.\ on Dependable Systems and Networks},
 year = {2002},
 isbn = {0-7695-1597-5},
 pages = {409--415},
 url = {http://dl.acm.org/citation.cfm?id=647883.738407},
 acmid = {738407},
}

@article{Yu09,
 author = {Yu, Jason and Eagleston, Christopher and Chou, Christopher Han-Yu and Perreault, Maxime and Lemieux, Guy},
 title = {Vector Processing As a Soft Processor Accelerator},
 journal = {ACM Trans. Reconfigurable Technol. Syst.},
 volume = {2},
 number = {2},
 month = jun,
 year = {2009},
 issn = {1936-7406},
 pages = {12:1--12:34},
 url = {http://doi.acm.org/10.1145/1534916.1534922},
 doi = {10.1145/1534916.1534922},
 acmid = {1534922},
 keywords = {Computer architecture, embedded processor, multimedia processing, parallelism, soft processor, vector processor},
} 

@inproceedings{jhbcc06,
author = {Arpith Jacob and Brandon Harris and Jeremy Buhler and
Roger D. Chamberlain and Young H. Cho},
title = {Scalable Softcore Vector Processor for Biosequence Applications},
booktitle = {Proc.\  14th IEEE Symp.\ on Field-Programmable
Custom Computing Machines},
month = apr,
year = 2006,
pages = {295-296}
}

@inproceedings{Jones05,
 author = {Jones, Alex K. and Hoare, Raymond and Kusic, Dara and Fazekas, Joshua and Foster, John},
 title = {An {FPGA}-based {VLIW} Processor with Custom Hardware Execution},
 booktitle = {Proc.\  ACM/SIGDA 13th Int'l Symp.\ on Field-programmable Gate Arrays},
 year = {2005},
 isbn = {1-59593-029-9},
 location = {Monterey, California, USA},
 pages = {107--117},
 url = {http://doi.acm.org/10.1145/1046192.1046207},
 doi = {10.1145/1046192.1046207},
 acmid = {1046207},
 keywords = {NIOS, VLIW, compiler, kernels, parallelism, synthesis},
} 

@inproceedings{hz05,
author = {M.Z Hasan and S.G Ziavras},
title = {{FPGA}-Based vector processing for solving sparse sets of equations},
booktitle = {Proc.\  IEEE Symp.\ on Field-Programmable Custom Computing
Machines},
year = 2005,
pages = {331-332}
}

@inproceedings{Yang07,
author = {Hongyan Yang and Shuai Wang and Sotirios G. Ziavras and Jie Hu},
title = {Vector Processing Support for {FPGA}-Oriented High Performance Applications},
booktitle ={Proc.\  IEEE Ann. Symp. VLSI},
isbn = {0-7695-2896-1},
year = {2007},
pages = {447-448},
doi = {http://doi.ieeecomputersociety.org/10.1109/ISVLSI.2007.100},
}

@inproceedings{ysr08,
 author = {Yiannacouras, Peter and Steffan, J. Gregory and Rose, Jonathan},
 title = {{VESPA}: Portable, Scalable, and Flexible {FPGA}-based Vector Processors},
 booktitle = {Proc.\  Int'l Conf.\ on Compilers, Architectures and Synthesis for Embedded Systems},
 year = {2008},
 isbn = {978-1-60558-469-0},
 location = {Atlanta, GA, USA},
 pages = {61--70},
 url = {http://doi.acm.org/10.1145/1450095.1450107},
 doi = {10.1145/1450095.1450107},
 acmid = {1450107},
 keywords = {ASIP, FPGA, SIMD, SPREE, VESPA, VIRAM, application specific, custom, microarchitecture, soft processor, vector},
} 

@inproceedings{Saghir06,
author = {M.A.R. Saghir and M. El-Majzoub and P. Akl},
title = {Datapath and {ISA} Customization for Soft {VLIW} Processors},
booktitle ={Proc.\  Int'l Conf.\ on Reconfigurable Computing and FPGAs},
isbn = {1-4244-0689-7},
year = {2006},
doi = {http://doi.ieeecomputersociety.org/10.1109/RECONF.2006.307780},
}

@inproceedings{Chou11,
 author = {Chou, Christopher H. and Severance, Aaron and Brant, Alex D. and Liu, Zhiduo and Sant, Saurabh and Lemieux, Guy G.F.},
 title = {{VEGAS}: Soft Vector Processor with Scratchpad Memory},
 booktitle = {Proc.\  19th ACM/SIGDA Int'l Symp.\ on Field-Programmable Gate Arrays},
 year = {2011},
 isbn = {978-1-4503-0554-9},
 location = {Monterey, CA, USA},
 pages = {15--24},
 url = {http://doi.acm.org/10.1145/1950413.1950420},
 doi = {10.1145/1950413.1950420},
 acmid = {1950420},
 keywords = {fpga, scratchpad memory, simd, soft processors, vector},
} 

@INPROCEEDINGS{dggs13,
author={De, A. and Gokhale, M. and Gupta, R. and Swanson, S.},
booktitle={Proc.\  IEEE 21st Int'l Symp.\ on Field-Programmable Custom Computing Machines},
title={Minerva: Accelerating Data Analysis in Next-Generation {SSDs}},
year={2013},
month={April},
pages={9-16},
keywords={data analysis;field programmable gate arrays;peripheral interfaces;random-access storage;BEE3 FPGA system;DRAM-like latency;I-O intensive application code;Minerva;NVM storage controller;PCIe-attached PCM;application-specific operations;data analysis acceleration;data transfer reduction;intercontroller communication management;key-value store;large data sets;memory-storage hierarchy;microbenchmarks;next-generation SSD;nonvolatile memory technologies;phase-change memory;random access patterns;runtime library;solid-state drive architecture;storage-like density;FPGA;I/O performance;Virtex-5;big data applications;flash memory;non-volatile memory;phase-change memory;solidstate drive;spin-transfer torque memory;storage systems},
doi={10.1109/FCCM.2013.46},
}

@inproceedings{jlfa14,
 author = {Jun, Sang-Woo and Liu, Ming and Fleming, Kermin Elliott and Arvind},
 title = {Scalable Multi-access Flash Store for Big Data Analytics},
 booktitle = {Proc.\  ACM/SIGDA Int'l Symp.\ on Field-Programmable Gate Arrays},
 year = {2014},
 isbn = {978-1-4503-2671-1},
 location = {Monterey, California, USA},
 pages = {55--64},
 url = {http://doi.acm.org/10.1145/2554688.2554789},
 doi = {10.1145/2554688.2554789},
 acmid = {2554789},
 keywords = {big data, flash, fpga networks, ssd, storage system},
} 

@techreport{ADAM,
author = {Matt Massie and Frank Nothaft and Christopher Hartl and Christos Kozanitis and Andre Shumacher and Anthony D. Joseph and David A. Patterson},
title = {{ADAM}: Genomics Formats and Processing Patterns for
Cloud Scale Computing},
number = {UCB/EECS-2013-207},
month = dec,
year = 2013,
institution = {UC Berkeley}
}

@misc{vao,
title = {{VAO Ann. Report}},
author = {{Virtual Astronomical Observatory}},
month = apr,
year = 2013
}

@inproceedings{Kumar:13,
 title = {Scheduling Changes in Mixed Critical Real-Time Hereogeneous
Computing Platforms},
  author = {C. Kumar and S. Vyas and R. Cytron and C. Gill and J. Zambreno
  and P. Jones},
  booktitle = {Proc.\  Int'l Conf.\ on Computational
Science (ICCS), Dynamic Data Drive Application Systems (DDDAS) Workshop},
 month = {June},
 year = {2013}
}

@article{Vyas:14,
 author = {S. Vyas and C. Kumar and J. Zambreno and C. Gill and R. Cytron
   and P. Jones},
  title = {An {FPGA}-based Plant-On-Chip Platform for Cyber-Physical
  System Analysis},
  journal = {{IEEE} Embedded System Letters (ESL)},
  note = { in press },
  year= {2014}
}

@article{Kumar:14,
 author = {C. Kumar and S. Vyas and J. Shidal and R. Cytron and
   C. Gill and J. Zambreno and P. Jones},
  title = {Hardware-Software Architecture for Priority Queue Management
  in Real-Time and Embedded Systems},
  journal = {Int'l J. Embedded Systems (IJES)},
  note = { in press },
  year = {2014}
}

@inproceedings{Golfarelli09,
  title={Open source {BI} platforms: A functional and architectural comparison},
  author={Golfarelli, Matteo},
  booktitle={Proc.\  11th Int'l Conf.\ on Data Warehousing and Knowledge Discovery},
  pages={287--297},
  year={2009},
}

@inproceedings{bdhow95,
author = {P. Buneman and S.B. Davidson and K. Hart and C. Overton and L. Wong},
title = {A Data Transformation System for Biological Data Sources},
booktitle = {Proc.\  21st Int'l Conf.\ on Very Large Data Bases},
month = sep,
year = 1995,
pages = {158-169}
}

@INPROCEEDINGS{Altintas04,
author={Altintas, I. and Berkley, C. and Jaeger, E. and Jones, M. and Ludascher, B. and Mock, S.},
booktitle={Proc.\  16th Int'l Conf.\ on Scientific and Statistical Database Management},
title={Kepler: An extensible system for design and execution of scientific workflows},
year={2004},
month=jun,
pages={423-424},
keywords={data flow computing;data handling;database management systems;scientific information systems;workflow management software;DiscoveryNet;Inforsense;Kepler scientific workflow system;Scitegic/Pipeline-Pilot;Taverna;Triana;complex data;data access;data export;data import;data products;data streaming;extensible system;hardware environment;heterogeneous data;high-level workflow design;large data;runtime interaction;scientific analysis;scientific workflow design;scientific workflow execution;service invocation;software environment;workflow creation;Biological system modeling;Business;Java;Plugs;Power system modeling;Prototypes;Runtime;Supercomputers;Web services;Yarn},
doi={10.1109/SSDM.2004.1311241},
ISSN={1099-3371},
}

@article{Deelman05,
  title={Pegasus: A framework for mapping complex scientific workflows onto distributed systems},
  author={Deelman, Ewa and Singh, Gurmeet and Su, Mei-Hui and Blythe, James and Gil, Yolanda and Kesselman, Carl and Mehta, Gaurang and Vahi, Karan and Berriman, G Bruce and Good, John and others},
  journal={Scientific Programming},
  volume={13},
  number={3},
  pages={219--237},
  year={2005},
  publisher={IOS Press}
}

@article{Oinn06,
  title={Taverna: lessons in creating a workflow environment for the life sciences},
  author={Oinn, Tom and Greenwood, Mark and Addis, Matthew and Alpdemir, M Nedim and Ferris, Justin and Glover, Kevin and Goble, Carole and Goderis, Antoon and Hull, Duncan and Marvin, Darren and others},
  journal={Concurrency and Computation: Practice and Experience},
  volume={18},
  number={10},
  pages={1067--1100},
  year={2006},
  publisher={Wiley Online Library}
}

@incollection{Bowers04,
year={2004},
isbn={978-3-540-21300-0},
booktitle={Data Integration in the Life Sciences},
volume={2994},
series={Lecture Notes in Computer Science},
editor={Rahm, Erhard},
doi={10.1007/978-3-540-24745-6_1},
title={An Ontology-Driven Framework for Data Transformation in Scientific Workflows},
url={http://dx.doi.org/10.1007/978-3-540-24745-6_1},
publisher={Springer Berlin Heidelberg},
author={Bowers, Shawn and Ludäscher, Bertram},
pages={1-16}
}

@inproceedings{Mic03,
author = {William K. Michener},
title = {Building {SEEK}: The Science Environment for Ecological Knowledge},
booktitle = {DataBits: An Electronic Newsletter for Information Managers},
year = 2003
}

@misc{Parsons11,
author = {Scott Parsons and David Taylor and David Schuehler and Mark Franklin
and Roger Chamberlain},
title = {High speed processing of financial information using {FPGA} devices},
howpublished = {U.S. Patent No. 7,921,046},
month = apr,
year = 2011
}

@misc{hlcwst17,
author = {Michael J. Henrichs and Joseph M. Lancaster and Roger D. Chamberlain
and Jason R. White and Kevin B. Sprague and Terry Tidwell},
title = {Method and Apparatus for Accelerated Format Translation of Data
in a Delimited Data Format},
howpublished = {U.S. Patent No. 9,633,093},
month = apr,
year = 2017
}

@inproceedings{Shidal:14,
 author = {Joanthan Shidal and Zachary Gottlieb and Ron K. Cytron and Krishna M. Kavi},
  title = {Trash in Cache: Detecting Eternally Silent Stores},
  booktitle = {Proc.\  ACM SIGPLAN Workshop on
     Memory Systems Performance and Correctness},
   month = {June},
  year = {2014},
  city = {Edinburgh, UK}
}

@inproceedings{Shidal:15,
 author = {Jonathan Shidal and Ari J. Spilo and Paul T. Scheid and
Krishna M. Kavi and Ron K. Cytron},
 title = {Recycling Trash in Cache},
 booktitle = {Proc.\  ACM Int'l Symp.\ on Memory Management},
 month = jun,
 year = 2015,
 pages = {118-130}
}

@article{ds90,
author = {G. Dueck and T. Scheuer},
title = {Threshold accepting: a general purpose
optimization algorithm appearing superior to simulated annealing},
journal = {J. Computational Physics},
volume = 90,
number = 1,
pages = {161-175},
year = 1990
}

@article{hkt95,
author = {T. C. Hu and A. B. Kahng and C.-W. A. Tsao},
title = {Old bachelor acceptance:
A new class of non-monotone threshold accepting methods},
journal = {ORSA J. on Computing},
volume = 7,
number = 4,
pages = {417-425},
year = 1995
}

@article{kgv83,
author = {S. Kirkpatrick and C. D. Gelatt and M. P. Vecchi},
title = {Optimization by simmulated annealing},
journal = {Science},
volume = 220,
number = 4598,
pages = {671-680},
year = 1983
}

@inproceedings{ch94,
author = {R.D. Chamberlain and C.L. Henderson},
title = {Evaluating the Use of Pre-Simulation in {VLSI} Circuit Partitioning},
booktitle = {Proc.\  8th Workshop on Parallel and Distributed Simulation},
month = jul,
year = 1994,
pages = {139-146}
}

@INPROCEEDINGS{bp05,
author={Baker, Z.K. and Prasanna, V.K.},
booktitle={Proc.\  13th IEEE Symp.\ on Field-Programmable Custom Computing Machines},
title={Efficient hardware data mining with the {Apriori} algorithm on {FPGAs}},
year={2005},
month=apr,
pages={3-12},
keywords={data mining;field programmable gate arrays;parallel algorithms;systolic arrays;Apriori algorithm;FPGA;Xilinx Virtex-II Pro 100 architecture;hardware data mining;state-of-the-art software implementation;systolic array architecture;systolic injection method;Algorithm design and analysis;Application specific integrated circuits;Clustering algorithms;Computer architecture;Data mining;Databases;Field programmable gate arrays;Hardware;Microcontrollers;Systolic arrays},
doi={10.1109/FCCM.2005.31}
}

@inproceedings{cc05,
author = {Roger Chamberlain and Ron K. Cytron},
title = {Novel Techniques for Processing Unstructured Data Sets},
booktitle = {Proc.\  IEEE Aerospace Conf.},
month = mar,
year = 2005
}

@inproceedings{Massalin87,
author = {Henry Massalin},
title = {Superoptimizer: A Look at the Smallest Program},
booktitle = {Proc.\  2nd Int'l Conf.\ on Architecture Support for
Programming Languages and Operating Systems},
pages = {122-126},
year = 1987
}

@inproceedings{gk92,
author = {Torbjorn Granlund and Richard Kenner},
title = {Eliminating Branches Using a Superoptimizer and the {GNU} {C} Compiler},
booktitle = {Proc.\  ACM SIGPLAN Conf.\ on Programming Language Design
and Implementation},
pages = {341-352},
year = 1992
}


@Article{MaWa85,
    author = {M. E. Mace
        and R. A. Wagner},
    title = {Globally Optimum Selection of Memory Storage Patterns},
    journal = {Proc. 1985 Int'l Conf. on Parallel Processing},
    year = {1985}
    }


@inproceedings{Brodie:06,
 author = {Benjamin C. Brodie and Ron K. Cytron and David E. Taylor},
 title = {A Scalable Architecture For High-Throughput Regular-Expression Pattern Matching},
 booktitle = {Proc.\  33rd Int'l Symp. Computer Architecture},
 year = {2006},
 isbn = {0-7695-2608-X},
 pages = {191--202},
 doi = {http://dx.doi.org/10.1109/ISCA.2006.7},
 }

@inproceedings{Schmidt:90,
  AUTHOR =       "Douglas C. Schmidt",
  TITLE =        "{GPERF: A Perfect Hash Function Generator}",
  BOOKTITLE =    "Proceedings of the $2^{nd}$ C++ Conf.",
  MONTH =        apr,
  PAGES =        "87-102",
  ORGANIZATION = {USENIX},
  ADDRESS =      {San Francisco, California},
  YEAR =         1990,
}

@article{Cormack:85,
  AUTHOR =       "G. V. Cormack and R.N.S. Horspool and
                  M. Kaiserwerth",
  TITLE =        "{Practical Perfect Hashing}",
  JOURNAL =      "Computer J.",
  YEAR =         1985,
  VOLUME =       28,
  NUMBER =       1,
  MONTH =        jan,
  PAGES =        "54-58"
}

@misc{soundex,
 key = {soundex},
 publisher = "National Archives and Records Administration",
 title = {{The Soundex Indexing System}},
 note = {\url{http://www.archives.gov/research/census/soundex.html}}
}

@inproceedings{wcc15,
author = {Joseph G. Wingbermuehle and Ron K. Cytron and Roger D. Chamberlain},
title = {Superoptimized Memory Subsystems for Streaming Applications},
booktitle = {Proc.\  23rd ACM/SIGDA Int'l Symp.\ on Field-Programmable
Gate Arrays},
month = feb,
year = 2015
}

@inproceedings{grh+13,
 author = {Ghazal, Ahmad and Rabl, Tilmann and Hu, Minqing and Raab, Francois and Poess, Meikel and Crolotte, Alain and Jacobsen, Hans-Arno},
 title = {{BigBench}: Towards an Industry Standard Benchmark for Big Data Analytics},
 booktitle = {Proc.\  ACM SIGMOD Int'l Conf.\ on Management of Data},
 month = jun,
 year = {2013},
 isbn = {978-1-4503-2037-5},
 location = {New York, New York, USA},
 pages = {1197--1208},
 url = {http://doi.acm.org/10.1145/2463676.2463712},
 doi = {10.1145/2463676.2463712},
 acmid = {2463712},
 keywords = {benchmarking, big data, map reduce},
} 

@inproceedings{mca14a,
author = {Lin Ma and Roger D. Chamberlain and Kunal Agrawal},
title = {Performance Modeling for Highly-threaded Many-core {GPUs}},
booktitle = {Proc.\  25th IEEE Int'l Conf.\ on Application-specific Systems,
Architectures and Processors},
month = jun,
year = 2014,
pages = {84-91}
}

@inproceedings{mca14b,
author = {Lin Ma and Roger D. Chamberlain and Kunal Agrawal},
title = {Analysis of Classic Algoritms on {GPUs}},
booktitle = {Proc.\  Int'l Conf.\ on High Performance Computing \& Simulation},
month = jul,
year = 2014,
pages = {65-73}
}

@inproceedings{mac14b,
author = {Lin Ma and Kunal Agrawal and Roger D. Chamberlain},
title = {Theoretical Analysis of Classic Algorithms on Highly-Threaded Many-Core {GPUs}},
booktitle = {Proc.\  19th ACM SIGPLAN Symp.\ on Principles and Practice of Parallel Programming},
month = feb,
year = 2014,
pages = {391-392}
}

@inproceedings{hc14a,
author = {Michael J. Hall and Roger D. Chamberlain},
title = {Performance Modeling of Virtualized Custom Logic Computations},
booktitle = {Proc.\  Great Lakes Symp. VLSI},
month = may,
year = 2014,
pages = {89-90}
}

@inproceedings{hc14b,
author = {Michael J. Hall and Roger D. Chamberlain},
title = {Performance Modeling of Virtualized Custom Logic Computations},
booktitle = {Proc.\  25th IEEE Int'l Conf.\ on Application-specific Systems,
Architectures and Processors},
month = jun,
year = 2014,
pages = {72-73}
}

@inproceedings{hc15,
author = {Michael J. Hall and Roger D. Chamberlain},
title = {Using {M/G/1} Queueing Models with Vacations to Analyze
Virtualized Logic Computations},
booktitle = {Proc.\  33rd IEEE Int'l Conf.\ on Computer Design},
month = oct,
year = 2015,
pages = {86--93},
doi = {10.1109/ICCD.2015.7357087}
}

@incollection{tpcroadmap,
year={2013},
isbn={978-3-642-36726-7},
booktitle={Selected Topics in Performance Evaluation and Benchmarking},
volume={7755},
series={Lecture Notes in Computer Science},
editor={Nambiar, Raghunath and Poess, Meikel},
doi={10.1007/978-3-642-36727-4_1},
title={{TPC} Benchmark Roadmap 2012},
url={http://dx.doi.org/10.1007/978-3-642-36727-4_1},
publisher={Springer Berlin Heidelberg},
keywords={Industry Standard Benchmarks; Transaction Processing Performance Council},
author={Nambiar, Raghunath and Poess, Meikel and Masland, Andrew and Taheri, H.Reza and Emmerton, Matthew and Carman, Forrest and Majdalany, Michael},
pages={1-20},
language={English}
}

@incollection{bigdatagen,
year={2014},
isbn={978-3-642-53973-2},
booktitle={Specifying Big Data Benchmarks},
volume={8163},
series={Lecture Notes in Computer Science},
editor={Rabl, Tilmann and Poess, Meikel and Baru, Chaitanya and Jacobsen, Hans-Arno},
doi={10.1007/978-3-642-53974-9_3},
title={Big Data Generation},
url={http://dx.doi.org/10.1007/978-3-642-53974-9_3},
publisher={Springer Berlin Heidelberg},
author={Rabl, Tilmann and Jacobsen, Hans-Arno},
pages={20-27},
language={English}
}

@inproceedings{wmpw03,
author = {N. Weaver and Y. Markovskiy and Y. Patel and J. Wawrzynek},
title = {Post-placement {C}-slow retiming for the {Xilinx Virtex FPGA}},
booktitle = {Proc.\  11th Int'l Symp.\ on Field Programmable Gate Arrays},
year = 2003,
pages = {185-194}
}

@inproceedings{szs07,
author = {M. Su and L. Zhou and C.-J. Shi},
title = {Maximizing the throughput-area efficiency of fully parallel
low-density parity-check decoding with {C}-slow retiming and asynchronous deep pipelining},
booktitle = {Proc.\  25th Int'l Conf.\ on Computer Design},
month = oct,
year = 2007,
pages= {636-643}
}

@article{aks12,
author = {M. A. Akram and A. Khan and M. M. Sarfaraz},
Title = {{C}-slow technique vs multiprocessor in
designing low area customized instruction set processor
for embedded applications},
journal = {Int'l J. Computer Applications},
volume = 36, 
number = 7,
month = dec,
year = 2011
}

@article{mcath17,
title = "Analysis of classic algorithms on highly-threaded many-core architectures",
journal = "Future Generation Computer Systems",
volume = "",
number = "",
pages = "",
year = 2017,
month = feb,
note = "",
issn = "0167-739X",
doi = "http://dx.doi.org/10.1016/j.future.2017.02.007",
author = "Lin Ma and Roger D. Chamberlain and Kunal Agrawal and Chen Tian and Ziang Hu",
}

@incollection{wcc15b,
year={2015},
month = aug,
booktitle={Proc.\  4th Int'l Workshop on On-chip Memory Hierarchies
and Interconnects},
volume={9523},
series={Lecture Notes in Computer Science},
title={Superoptimized Memory Subsystems for Multiple Objectives},
publisher={Springer Berlin Heidelberg},
author={Joseph G. Wingbermuehle and Ron K. Cytron and Roger D. Chamberlain},
pages={352-363}
}

@inproceedings{cb17,
author = {S.~V. Cole and J. Buhler},
title = {{MERCATOR}: a {GPGPU} Framework for Irregular Streaming Applications},
booktitle = {Proc.\  15th Int'l Conf.\ on High Performance Computing and Simulation},
month = aug,
year = 2017
}

@inproceedings{cb15,
author = {S.~V. Cole and J. Buhler},
title = {The function-centric model: supporting {SIMD} execution of
streaming computations},
booktitle = {Proc.\  5th Workshop on Data-flow Execution Models for Extreme Scale Computing},
year = 2015
}

@inproceedings{kvscgzj12,
author = {C. Kumar and S. Vyas and J. Shidal and R. Cytron and C. Gill and J. Zambreno and P. Jones},
title = {Improving System Predictability and Performance via Hardware Accelerated Data Structures},
booktitle = {Proc.\  Dynamic Data Driven Application Systems},
month = jun,
year = 2012
}

@inproceedings{cgb14,
author = {S.V. Cole and J. Gardner and J. Buhler},
title = {{WOODSTOCC}: Extracting Latent Parallelism from a {DNA}
Sequence Aligner on a {GPU}},
booktitle = {Proc.\ 13th IEEE Int'l Symp.\ on Parallel and Distributed Computing},
pages = {197-204}, 
year =2014
}

 @Article{llszs15,
author = {I-Ting Angelina Lee and Charles E. Leiserson and Tao B. Schardl
and Zhunping Zhang and Jim Sukha},
title = {On-the-Fly Pipeline Parallelism},
journal = {ACM Transactions on Parallel Computing},
volume = {2},
number = {3},
month = sep,
year = {2015},
issn = {2329-4949},
pages = {17:1--17:42},
articleno = {17},
url = {http://doi.acm.org/10.1145/2809808},
publisher = {ACM},
address = {New York, NY, USA},
keywords = {Cilk, multicore, multithreading, on-the-fly pipelining, parallel
programming, pipeline parallelism, scheduling, work stealing}
}

@inproceedings{uafl16,
author = {Robert Utterback and Kunal Agrawal and Jeremy Fineman
and I-Ting Angelina Lee},
title = {Provably Good and Practically Efficient Parallel Race Detection
for Fork-Join Programs},
pages = {83--94},
booktitle = {Proc.\  28th ACM
Symp. Parallelism in Algorithms and Architectures},
year = {2016},
publisher = {ACM},
keywords = {series-parallel maintenance, determinacy race, race detection,
work stealing, scheduler, order-maintenance data structures}
}

@inproceedings{ualk17,
author = {Robert Utterback and Kunal Agrawal and I-Ting Angelina Lee and Milind Kulkarni},
title = {Processor-Oblivious Record and Replay},
pages = {145--161},
booktitle = {Proc.\  22nd ACM SIGPLAN Symp. Principles and Practice of Parallel Programming},
year = {2017},
url = {http://doi.acm.org/10.1145/3018743.3018764},
doi = {10.1145/3018743.3018764},
acmid = {3018764},
publisher = {ACM},
keywords = {deterministic replay, dynamic program analysis, reproducible debugging, work stealing}
}

@inproceedings{c17,
 author = {Roger D. Chamberlain},
 title = {Assessing User Preferences in Programming Language Design},
 booktitle = {Proc.\  ACM Int'l Symp.\ on New Ideas, New Paradigms, and
Reflections on Programming and Software},
 pages = {18--29},
 month = oct,
 year = 2017
}

@phdthesis{Li17,
author = {Jing Li},
title = {Parallel Real-Time Scheduling for Latency-Critical Applications},
school = {Dept. of Computer Science and Engineering, Washington University
in St. Louis},
month = aug,
year = 2017
}

@phdthesis{Utterback17,
author = {Robert Utterback},
title = {Easier Parallel Programming with Provably-Efficient Runtime Schedulers},
school = {Dept. of Computer Science and Engineering, Washington University
in St. Louis},
month = aug,
year = 2017
}

@phdthesis{Cole17,
author = {Steven V. Cole},
title = {Efficiently and Transparently Maintaining High {SIMD} Occupancy
in the Presence of Wavefront Irregularity},
school = {Dept. of Computer Science and Engineering, Washington University
in St. Louis},
month = aug,
year = 2017
}

@phdthesis{js16,
author = {Jonathan A. Shidal},
title = {Exploiting the Weak Generational Hypothesis for Write Reduction
and Object Recycling},
school = {Dept. of Computer Science and Engineering, Washington University
in St. Louis},
month = may,
year = 2016
}

@InProceedings{laehllm16,
author = {Jing Li and Kunal Agrawal and Sameh Elnikety and Yuxiong He and
I-Ting Angelina Lee and Chenyang Lu and Kathryn S. McKinley},
title = {Work Stealing for Interactive Services to Meet Target Latency},
booktitle = {Proc.\  21st ACM SIGPLAN Symp. Principles and
Practice of Parallel Programming},
year = {2016},
isbn = {978-1-4503-4092-2},
address = {Barcelona, Spain},
pages = {14:1--14:13},
url = {http://doi.acm.org/10.1145/2851141.2851151},
doi = {10.1145/2851141.2851151},
acmid = {2851151},
publisher = {ACM}
}

@INPROCEEDINGS{mskgct13,
author={J. Meier and S. Sistla and B. Karaus and C. Gill and R. Chamberlain and T. Tidwell},
title={Assessing the Appropriateness of using {Markov} Decision Processes for {RF} Spectrum Management},
booktitle={Proc.\ of 16th ACM International Conference on Modeling, Analysis
and Simulation of Wireless and Mobile Systems (MSWiM)},
year={2013},
month=nov
}


@INPROCEEDINGS{mgc16,
author={J. Meier and C. Gill and R. D. Chamberlain},
booktitle={Proc.\ IEEE 19th Int'l Symp. Real-Time Distributed Computing},
title={Combining Admission and Modulation Decisions for Wireless Embedded Systems},
year={2016},
pages={69-78},
doi={10.1109/ISORC.2016.19},
month=may
}

@article{blc17,
author = {Jonathan C. Beard and Peng Li and Roger D. Chamberlain},
title = {{RaftLib}: A {C++} template library for high performance stream parallel processing},
journal = {Int'l J. High Performance Computing Applications},
volume = {31},
number = {5},
pages = {391-404},
year = {2017},
doi = {10.1177/1094342016672542},
}

@inproceedings{coates2013deep,
  title={Deep learning with {COTS HPC} systems},
  author={Coates, Adam and Huval, Brody and Wang, Tao and Wu, David J. and Ng, Andrew Y. and Catanzaro, Bryan},
  booktitle={Proc.\  Int'l Conf.\ on Machine Learning},
  pages={1337--1345},
  year={2013}
}

@ARTICLE{Bohr07,
author={M. Bohr},
journal={IEEE Solid-State Circuits Society Newsletter},
title={A 30 Year Retrospective on {Dennard's} {MOSFET} Scaling Paper},
year={2007},
volume={12},
number={1},
pages={11-13},
keywords={Industries;Integrated circuit interconnections;Logic gates;MOSFET circuits;Silicon;Transistors;Voltage control},
doi={10.1109/N-SSC.2007.4785534},
ISSN={1098-4232},
month={Winter}
}

@Incollection{Babaoglu2005,
author="Babaoglu, Ozalp
and Jelasity, M{\'a}rk
and Montresor, Alberto
and Fetzer, Christof
and Leonardi, Stefano
and van Moorsel, Aad
and van Steen, Maarten",
editor="Babaoglu, Ozalp
and Jelasity, M{\'a}rk
and Montresor, Alberto
and Fetzer, Christof
and Leonardi, Stefano
and van Moorsel, Aad
and van Steen, Maarten",
title="The Self-Star Vision",
bookTitle="Self-star Properties in Complex Information Systems: Conceptual and Practical Foundations",
year="2005",
publisher="Springer Berlin Heidelberg",
address="Berlin, Heidelberg",
pages="1--20",
isbn="978-3-540-32013-5",
doi="10.1007/11428589_1",
url="https://doi.org/10.1007/11428589_1"
}

@article{st09,
 author = {Salehie, Mazeiar and Tahvildari, Ladan},
 title = {Self-adaptive Software: Landscape and Research Challenges},
 journal = {ACM Trans. Auton. Adapt. Syst.},
 volume = {4},
 number = {2},
 month = may,
 year = {2009},
 issn = {1556-4665},
 pages = {14:1--14:42},
 url = {http://doi.acm.org/10.1145/1516533.1516538},
 doi = {10.1145/1516533.1516538},
 acmid = {1516538},
 publisher = {ACM},
 address = {New York, NY, USA},
 keywords = {Adaptation processes, research challenges, self-adaptive software, self-properties, survey},
} 

@misc{btm,
author = {IBM},
title = {{Build to Manage Tool}},
howpublished = {\url{https://www.ibm.com/developerworks/eclipse/btm}}
}

@misc{jrat,
author = {{ShiftOne JRat}},
title = {{Java Runtime Analysis Tool}},
howpublished = {\url{http://jrat.sourceforge.net/}}
}

@article{Valiant90,
 author = {Valiant, Leslie G.},
 title = {A Bridging Model for Parallel Computation},
 journal = {Commun. ACM},
 volume = {33},
 number = {8},
 month = aug,
 year = {1990},
 issn = {0001-0782},
 pages = {103--111},
 numpages = {9},
 url = {http://doi.acm.org/10.1145/79173.79181},
 doi = {10.1145/79173.79181},
 acmid = {79181},
 publisher = {ACM},
 address = {New York, NY, USA},
}

@article{Stephens97,
    author = "Robert Stephens",
    title = "A Survey of Stream Processing",
    journal = "Acta Informatica",
    volume = "34",
    number = "7",
    pages = "491--541",
    year = "1997",
    doi = {10.1007/s002360050095}
}

@inproceedings{streamsc,
  author = {M.B. Gokhale and J.M. Stone and J. Arnold and M. Kalinowski},
  title = {Stream-oriented {FPGA} computing in the {Streams-C} high
level language},
  booktitle = {Proc. the IEEE Int'l Symp. FPGAs for Custom
Computing Machines},
  pages = {49--58},
  year = 2000
}

@article{brook,
author = {Ian Buck and Tim Foley and Daniel Horn and Jeremy Sugerman and
Kayvon Fatahalian and Mike Houston and Pat Hanrahan},
title = {Brook for {GPUs}: Stream Computing on Graphics Hardware},
journal = {ACM Trans.\ on Graphics},
volume = {23},
number = {3},
pages = {777--786},
month = aug,
year = {2004},
doi = {10.1145/1015706.1015800},
}

@inproceedings{autopipe,
author = {Mark A. Franklin and Eric J. Tyson and James Buckley and
Patrick Crowley and John Maschmeyer},
booktitle = {Proc. Int'l Parallel and Distributed Processing Symp.},
title = {Auto-Pipe and the {X} Language: A Pipeline Design Tool
and Description Language},
pages = {10 pp.},
month = apr,
year = {2006},
doi = {10.1109/IPDPS.2006.1639353}
}

@inproceedings{streamit,
 author = {William Thies and Michal Karczmarek and Saman Amarasinghe},
 title = {{StreamIt}: A Language for Streaming Applications},
 booktitle = {Proc. 11th Int'l Conf. on Compiler Construction},
 pages = {179--196},
 year = 2002,
 doi = {10.1007/3-540-45937-5_14}
}

@inproceedings{streamware,
 author = {Jayanth Gummaraju and Joel Coburn and Yoshio Turner and Mendel Rosenblum},
 title = {Streamware: programming general-purpose multicore processors using streams},
 booktitle = {Proc. 13th Int'l Conf. on Architectural Support for Programming Languages and Operating Systems},
 year = {2008},
 pages = {297--307},
 doi = {10.1145/1346281.1346319}
 }

@ARTICLE{snet,
  author = {Clemens Grelck and Sven-Bodo Scholz and Alex Shafarenko},
  TITLE = {A Gentle Introduction to {S-Net}: Typed Stream Processing and Declarative Coordination of Asynchronous Components},
  JOURNAL = {Parallel Processing Letters},
  YEAR = 2008,
  VOLUME = {18},
  NUMBER = {2},
  PAGES = {221--237},
  doi = {10.1142/S0129626408003351}
}

@article{lee,
  author = {Edward A. Lee},
  title = {The Problem with Threads},
  journal = {Computer},
  volume = {39},
  number = {5},
  pages = {33-42},
  month = may,
  year = 2006,
  doi = {10.1109/MC.2006.180}
}

@inproceedings{scalapipe,
author = {Joseph G. Wingbermuehle and Roger D. Chamberlain and Ron K. Cytron},
title = {{ScalaPipe}: A Streaming Application Generator},
booktitle = {Proc. Symp. Application Accelerators in High-Performance Computing},
month = jul,
year = 2012,
pages = {44--53},
doi = {10.1109/SAAHPC.2012.14}
}

@inproceedings{raftlib,
author = {Jonathan C. Beard and Peng Li and Roger D. Chamberlain},
title =  {{RaftLib}: A {C++} Template Library for High Performance Stream Parallel Processing},
booktitle = {Proc. 6th Int'l Workshop on Programming Models and Applications for Multicores and Manycores},
pages = {96-105},
month = feb,
year = 2015,
doi = {10.1145/2712386.2712400}
}

@inproceedings{spidle,
  title={Spidle: A {DSL} approach to specifying streaming applications},
  author={Consel, Charles and Hamdi, Hedi and R{\'e}veill{\`e}re, Laurent and Singaravelu, Lenin and Yu, Haiyan and Pu, Calton},
  booktitle={Proc. Int'l Conf. on Generative Programming and Component Engineering},
  pages={1-17},
  year={2003},
  doi = {10.1007/978-3-540-39815-8_1}
}

@article{cg,
 author = {Mark, William R. and Glanville, R. Steven and Akeley, Kurt and Kilgard, Mark J.},
 title = {Cg: a system for programming graphics hardware in a {C}-like language},
 journal = {ACM Trans. on Graphics},
 volume = {22},
 number = {3},
 month = jul,
 year = {2003},
 pages = {896--907},
 doi = {10.1145/882262.882362}
}

@INPROCEEDINGS{s4,
author={L. Neumeyer and B. Robbins and A. Nair and A. Kesari},
booktitle={Proc. IEEE Int'l Conf. on Data Mining Workshops},
title={S4: Distributed Stream Computing Platform},
year={2010},
pages={170-177},
doi={10.1109/ICDMW.2010.172},
ISSN={2375-9232},
month=dec
}

@inproceedings{systems,
  title={{SPADE}: The {System S} declarative stream processing engine},
  author={Gedik, Bu\u{g}ra and Andrade, Henrique and Wu, Kun-Lung and Yu, Philip S. and Doo, Myungcheol},
  booktitle={Proc. ACM SIGMOD Int'l Conf. on Management of Data},
  pages={1123--1134},
  year={2008},
  doi = {10.1145/1376616.1376729}
}

@incollection{directflow,
 author = {Chuan-Kai Lin and Andrew P. Black},
 title = {{DirectFlow}: A domain-specific language for information-flow systems},
 booktitle = {Proc. 21st European Conf. on Object-Oriented Programming},
 year = 2007,
 pages = {299-322},
 doi = {10.1007/978-3-540-73589-2_15}
}

@article{Hirzel14,
 author = {Hirzel, Martin and Soul{\'e}, Robert and Schneider, Scott and Gedik, Bu\u{g}ra and Grimm, Robert},
 title = {A Catalog of Stream Processing Optimizations},
 journal = {ACM Computing Surveys},
 volume = {46},
 number = {4},
 month = apr,
 year = {2014},
 pages = {46:1--46:34},
 doi = {10.1145/2528412}
} 

@inproceedings{Biboudis15,
  title={Streams {\`a} la carte: Extensible Pipelines with Object Algebras},
  author={Biboudis, Aggelos and Palladinos, Nick and Fourtounis, George and Smaragdakis, Yannis},
  booktitle = {Proc. 29th European Conf. on Object-Oriented Programming},
  year = 2015,
  pages = {591-613},
  doi = {10.4230/LIPIcs.ECOOP.2015.591}
}

@inproceedings{bec15b,
 author = {Jonathan C. Beard and Cooper Epstein and Roger D. Chamberlain},
 title = {Online Automated Reliability Classification of Queueing Models
for Streaming Processing Using Support Vector Machines},
 booktitle = {Proc.\  21st Int'l Conf.\ on Parallel and Distributed Computing (Euro-Par)},
 month = Aug,
 year = 2015,
 pages = {82-93}
}

@article{bcmp,
 author = {Baskett, Forest and Chandy, K. Mani and Muntz, Richard R. and Palacios, Fernando G.},
 title = {Open, Closed, and Mixed Networks of Queues with Different Classes of Customers},
 journal = {J. ACM},
 volume = {22},
 number = {2},
 month = apr,
 year = {1975},
 issn = {0004-5411},
 pages = {248--260},
 numpages = {13},
 url = {http://doi.acm.org/10.1145/321879.321887},
 doi = {10.1145/321879.321887},
 acmid = {321887},
 publisher = {ACM},
 address = {New York, NY, USA},
} 

@article{Jackson,
 author = {James R. Jackson},
 title = {Jobshop-Like Queueing Systems},
 journal = {Management Science},
 volume = 10,
 number = 1,
 pages = {131-142},
 year = 1963
}

@inproceedings{bc15,
 author = {Jonathan C. Beard and Roger D. Chamberlain},
 title = {Run Time Approximation of Non-blocking Service Rates 
for Streaming Systems},
 booktitle = {Proc.\  IEEE 17th Int'l Conf.\ on High Performance Computing
and Communications},
 month = aug,
 year = 2015,
 pages = {792-797}
}

@inproceedings{bdpgh10,
 author = {Baghsorkhi, Sara S. and Delahaye, Matthieu and Patel, Sanjay J. and Gropp, William D. and Hwu, Wen-Mei},
 title = {An adaptive performance modeling tool for {GPU} architectures},
 booktitle = {Proc. 15th ACM SIGPLAN Symp. Principles and Practice of Parallel Programming},
 year = {2010},
 location = {Bangalore, India},
 pages = {105--114},
 acmid = {1693470},
}

@article{kcg08,
title = "Performance analysis challenges and framework for high-performance reconfigurable computing",
journal = "Parallel Computing",
volume = "34",
number = "4",
pages = "217 - 230",
year = "2008",
issn = "0167-8191",
doi = "http://dx.doi.org/10.1016/j.parco.2008.01.008",
url = "http://www.sciencedirect.com/science/article/pii/S0167819108000203",
author = "Seth Koehler and John Curreri and Alan D. George",
}

@inproceedings{optimus,
 author = {Hormati, Amir and Kudlur, Manjunath and Mahlke, Scott and Bacon, David and Rabbah, Rodric},
 title = {Optimus: Efficient Realization of Streaming Applications on {FPGAs}},
 booktitle = {Proc. Int'l Conf. on Compilers, Architectures and Synthesis for Embedded Systems},
 year = {2008},
 isbn = {978-1-60558-469-0},
 location = {Atlanta, GA, USA},
 pages = {41--50},
 url = {http://doi.acm.org/10.1145/1450095.1450105},
 doi = {10.1145/1450095.1450105},
 acmid = {1450105},
 publisher = {ACM},
 address = {New York, NY, USA},
 keywords = {FPGA, compiler, embedded systems, heterogeneous, optimization, streaming},
}

@inproceedings{dibs,
author = {Anthony M. Cabrera and Clayton J. Faber and Kyle Cepeda and
Robert Derber and Cooper Epstein and Jason Zheng and Ron K. Cytron and
Roger D. Chamberlain},
title = {{DIBS}: A Data Integration Benchmark Suite},
booktitle = {Proc.\ of ACM/SPIE Int'l Conf.\ on Performance Engineering
Companion},
pages = {25-28},
month = apr,
year = 2018,
}

@misc{dibsv1,
author = {Anthony M. Cabrera and Clayton J. Faber and Kyle Cepeda and
Robert Derber and Cooper Epstein and Jason Zheng and Ron K. Cytron and
Roger D. Chamberlain},
title = {{Data Integration Benchmark Suite v1}},
month = apr,
year = 2018,
howpublished = {DOI: \url{http://dx.doi.org/10.7936/K7NZ8715}}
}

@incollection{Karsai2003,
author="Karsai, Gabor
and Ledeczi, Akos
and Sztipanovits, Janos
and Peceli, Gabor
and Simon, Gyula
and Kovacshazy, Tamas",
editor="Laddaga, Robert
and Shrobe, Howie
and Robertson, Paul",
title="An Approach to Self-adaptive Software Based on Supervisory Control",
bookTitle="Self-Adaptive Software: Applications: Second Int'l Workshop, IWSAS 2001 Balatonf{\"u}red, Hungary, May 17--19, 2001 Revised Papers",
year="2003",
publisher="Springer Berlin Heidelberg",
address="Berlin, Heidelberg",
pages="24--38",
isbn="978-3-540-36554-9",
doi="10.1007/3-540-36554-0_3",
url="https://doi.org/10.1007/3-540-36554-0_3"
}

@INPROCEEDINGS{Appleby2001,
author={K. Appleby and S. Fakhouri and L. Fong and G. Goldszmidt and M. Kalantar and S. Krishnakumar and D. P. Pazel and J. Pershing and B. Rochwerger},
booktitle={Proc. IEEE/IFIP Int'l Symp. Integrated Network Management},
title={Oc\'eano -- {SLA} based management of a computing utility},
year={2001},
pages={855-868},
doi={10.1109/INM.2001.918085},
month=may
}

@article{Litoiu2005,
 author = {Litoiu, Marin and Woodside, Murray and Zheng, Tao},
 title = {Hierarchical Model-based Autonomic Control of Software Systems},
 journal = {SIGSOFT Softw. Eng. Notes},
 volume = {30},
 number = {4},
 month = may,
 year = {2005},
 issn = {0163-5948},
 pages = {1--7},
 url = {http://doi.acm.org/10.1145/1082983.1083071},
 doi = {10.1145/1082983.1083071},
 acmid = {1083071},
 keywords = {autonomic computing, performance models, self-management},
}

@inproceedings{Garlan2002,
 author = {Garlan, David and Schmerl, Bradley},
 title = {Model-based Adaptation for Self-healing Systems},
 booktitle = {Proc. First Workshop on Self-healing Systems},
 year = {2002},
 isbn = {1-58113-609-9},
 location = {Charleston, South Carolina},
 pages = {27--32},
 url = {http://doi.acm.org/10.1145/582128.582134},
 doi = {10.1145/582128.582134},
 acmid = {582134},
 keywords = {model-based systems, self-healing systems, software architecture},
} 

@ARTICLE{Karsai1999,
author={G. Karsai and J. Sztipanovits},
journal={IEEE Intelligent Systems and Their Applications},
title={A model-based approach to self-adaptive software},
year={1999},
volume={14},
number={3},
pages={46-53},
doi={10.1109/5254.769884},
ISSN={1094-7167},
month={May},
}

@inproceedings{ann04,
 author = {Abdelwahed, Sherif and Kandasamy, Nagarajan and Neema, Sandeep},
 title = {A Control-based Framework for Self-managing Distributed Computing Systems},
 booktitle = {Proc. 1st ACM SIGSOFT Workshop on Self-managed Systems},
 year = {2004},
 isbn = {1-58113-989-6},
 location = {Newport Beach, California},
 pages = {3--7},
 url = {http://doi.acm.org/10.1145/1075405.1075406},
 doi = {10.1145/1075405.1075406},
 acmid = {1075406},
} 

@incollection{Sadjadi2004,
author="Sadjadi, S. Masoud
and McKinley, Philip K.
and Cheng, Betty H. C.
and Stirewalt, R. E. Kurt",
editor="Meersman, Robert
and Tari, Zahir",
title="{TRAP/J}: Transparent Generation of Adaptable {Java} Programs",
bookTitle="On the Move to Meaningful Internet Systems: CoopIS, DOA, and ODBASE: OTM Confederated Int'l Conf.s, Proceedings, Part II",
year="2004",
publisher="Springer Berlin Heidelberg",
pages="1243--1261",
isbn="978-3-540-30469-2",
doi="10.1007/978-3-540-30469-2_28",
url="https://doi.org/10.1007/978-3-540-30469-2_28"
}

@inproceedings{Yang2002,
 author = {Yang, Z. and Cheng, B. H. C. and Stirewalt, R. E. K. and Sowell, J. and Sadjadi, S. M. and McKinley, P. K.},
 title = {An Aspect-oriented Approach to Dynamic Adaptation},
 booktitle = {Proc. First Workshop on Self-healing Systems},
 year = {2002},
 isbn = {1-58113-609-9},
 location = {Charleston, South Carolina},
 pages = {85--92},
 numpages = {8},
 url = {http://doi.acm.org/10.1145/582128.582144},
 doi = {10.1145/582128.582144},
 acmid = {582144},
}

@inproceedings{Duzan2004,
 author = {Duzan, Gary and Loyall, Joseph and Schantz, Richard and Shapiro, Richard and Zinky, John},
 title = {Building Adaptive Distributed Applications with Middleware and Aspects},
 booktitle = {Proc. 3rd Int'l Conf. on Aspect-oriented Software Development},
 year = {2004},
 isbn = {1-58113-842-3},
 location = {Lancaster, UK},
 pages = {66--73},
 numpages = {8},
 url = {http://doi.acm.org/10.1145/976270.976280},
 doi = {10.1145/976270.976280},
 acmid = {976280},
 keywords = {CORBA, adaptive quality of service, aspect-oriented programming, distributed objects, middleware},
}

@article{Franco2016,
author = {Joao M. Franco and Francisco Correia and Raul Barbosa and
M\'ario Zenha-Rela and Bradley Schmerl and David Garlan},
title = {Improving self-adaptation planning through software
architecture-based stochastic modeling},
volume = 115,
month = may,
year = 2016,
journal = {J. Systems and Software},
pages = {42--60}
}

@article{mdwa17,
author = {Sara Mahdavi-Hezavehi and Vinicius H.S. Durelli and Danny Weyns and
Paris Avgeriou},
title={A systematic literature review on methods that handle multiple quality attributes in architecture-based self-adaptive systems},
journal={Information and Software Technology},
year={2017},
pages = {1-26},
month = oct,
volume = 90
}

@ARTICLE{kc03,
author={J. O. Kephart and D. M. Chess},
journal={Computer},
title={The vision of autonomic computing},
year={2003},
volume={36},
number={1},
pages={41-50},
doi={10.1109/MC.2003.1160055},
ISSN={0018-9162},
month={Jan},
}

@incollection{Brun2009,
author = {Yuriy Brun and Giovanna Di Marzo Serugendo and Cristina Gacek and
Holger Giese and Holger Kienle and Marin Litoiu and Hausi M\"uller and 
Mauro Pezz\`e and Mary Shaw},
title={Engineering Self-Adaptive Systems through Feedback Loops},
booktitle={Software Engineering for Self-adaptive Systems, LNCS},
year = 2009,
pages = {48-70},
volume = 5525
}

@article{Hu1995,
  title={Old bachelor acceptance: A new class of non-monotone threshold accepting methods},
  author={Hu, Te C and Kahng, Andrew B and Tsao, Chung-Wen Albert},
  journal={ORSA J. on Computing},
  volume={7},
  number={4},
  pages={417--425},
  year={1995},
  publisher={INFORMS}
}

@article{Dueck1990,
  title={Threshold accepting: A general purpose optimization algorithm appearing superior to simulated annealing},
  author={Dueck, Gunter and Scheuer, Tobias},
  journal={J. Computational Physics},
  volume={90},
  number={1},
  pages={161--175},
  year={1990},
  publisher={Elsevier}
}

@INPROCEEDINGS{Kothapalli2009,
author={K. Kothapalli and R. Mukherjee and M. S. Rehman and S. Patidar and P. J. Narayanan and K. Srinathan},
booktitle={Proc. Int'l Conf. on High Performance Computing},
title={A performance prediction model for the {CUDA} {GPGPU} platform},
year={2009},
pages={463-472},
doi={10.1109/HIPC.2009.5433179},
ISSN={1094-7256},
month={Dec},
}

@misc{statefulstreaming,
 author = {Yuval Itzchakov},
 title = {{Exploring Stateful Streaming with Apache Spark}},
 howpublished = {\url{http://asyncified.io/2016/07/31/exploring-stateful-streaming-with-apache-spark/}}, 
 note = {Accessed: September 2017},
}

@misc{ApacheSpark17,
 author = {{Apache Software Foundation}},
 title = {{Spark Streaming Programming Guide}},
 howpublished =
{\url{https://spark.apache.org/docs/latest/streaming-programming-guide.html}}, 
 note = {Accessed: September 2017},
}

@inproceedings{ZahariaChDa12,
 author = {Zaharia, Matei and Chowdhury, Mosharaf and Das, Tathagata and Dave,
Ankur and Ma, Justin and McCauley, Murphy and Franklin, Michael J. and
Shenker, Scott and Stoica, Ion},
 title = {{Resilient Distributed Datasets: A Fault-tolerant Abstraction for
In-memory Cluster Computing}},
 booktitle = {Proceedings of the 9th USENIX Conf. on Networked Systems
Design and Implementation},
 series = {NSDI'12},
 year = {2012},
 address = {San Jose, CA},
 pages = {2--2},
 numpages = {1},
 url = {http://dl.acm.org/citation.cfm?id=2228298.2228301},
 acmid = {2228301},
 publisher = {USENIX Association},
} 

@inproceedings{RoyMiZw13,
 author = {Roy, Amitabha and Mihailovic, Ivo and Zwaenepoel, Willy},
 title = {{X-Stream: Edge-centric Graph Processing Using Streaming Partitions}},
 booktitle = {Proceedings of the Twenty-Fourth ACM Symp. Operating
Systems Principles},
 series = {SOSP '13},
 year = {2013},
 isbn = {978-1-4503-2388-8},
 address = {Farminton, Pennsylvania},
 pages = {472--488},
 numpages = {17},
 url = {http://doi.acm.org/10.1145/2517349.2522740},
 doi = {10.1145/2517349.2522740},
 acmid = {2522740},
 publisher = {ACM},
} 

@inproceedings{LiAgBu13,
  author={Peng Li and Kunal Agrawal and Jeremy Buhler and Roger D. Chamberlain}, 
  booktitle={20th Ann. Int'l Conf. on High Performance Computing}, 
  title={Adding data parallelism to streaming pipelines for throughput
        optimization}, 
  year={2013}, 
  pages={20-29}, 
  doi={10.1109/HiPC.2013.6799119}, 
  ISSN={1094-7256}, 
  month={Dec},
}

@inproceedings{ZahariaDaLi13,
 author = {Zaharia, Matei and Das, Tathagata and Li, Haoyuan and Hunter,
Timothy and Shenker, Scott and Stoica, Ion},
 title = {Discretized Streams: Fault-tolerant Streaming Computation at Scale},
 booktitle = {Proceedings of the Twenty-Fourth ACM Symp. Operating
Systems Principles},
 series = {SOSP '13},
 year = {2013},
 isbn = {978-1-4503-2388-8},
 location = {Farminton, Pennsylvania},
 pages = {423--438},
 numpages = {16},
 url = {http://doi.acm.org/10.1145/2517349.2522737},
 doi = {10.1145/2517349.2522737},
 acmid = {2522737},
 publisher = {ACM},
 address = {New York, NY, USA},
} 

@inproceedings{LiAgBu10a,
 author = {Li, Peng and Agrawal, Kunal and Buhler, Jeremy and Chamberlain,
Roger D.},
 title = {{Deadlock Avoidance for Streaming Computations with Filtering}},
 booktitle = {Proceedings of the Twenty-second Ann. ACM Symp.
Parallelism in Algorithms and Architectures},
 series = {SPAA '10},
 year = {2010},
 isbn = {978-1-4503-0079-7},
 address = {Thira, Santorini, Greece},
 pages = {243--252},
 numpages = {10},
 url = {http://doi.acm.org/10.1145/1810479.1810526},
 doi = {10.1145/1810479.1810526},
 acmid = {1810526},
 publisher = {ACM},
} 

@inproceedings{LiAgBu10b, 
  author={Peng Li and Kunal Agrawal and Jeremy Buhler and Roger D. Chamberlain 
    and Joseph M.  Lancaster}, 
  booktitle={ASAP 2010 - 21st IEEE Int'l Conf. on
        Application-specific Systems, Architectures and Processors}, 
  title={Deadlock-avoidance for streaming applications with split-join
         structure: Two case studies}, 
  year={2010}, 
  pages={333-336}, 
  doi={10.1109/ASAP.2010.5540957}, 
  issn={1063-6862}, 
  month={July}
}

@inproceedings{BuhlerAgLi12,
 author = {Buhler, Jeremy D. and Agrawal, Kunal and Li, Peng and Chamberlain,
Roger D.},
 title = {{Efficient Deadlock Avoidance for Streaming Computation with
Filtering}},
 booktitle = {Proceedings of the 17th ACM SIGPLAN Symp. Principles and
Practice of Parallel Programming},
 series = {PPoPP '12},
 year = {2012},
 isbn = {978-1-4503-1160-1},
 address = {New Orleans, Louisiana, USA},
 pages = {235--246},
 numpages = {12},
 url = {http://doi.acm.org/10.1145/2145816.2145846},
 doi = {10.1145/2145816.2145846},
 acmid = {2145846},
 publisher = {ACM},
} 

@inproceedings{HeLeLe10,
 author = {He, Yuxiong and Leiserson, Charles E. and Leiserson, William M.},
 title = {{The Cilkview Scalability Analyzer}},
 booktitle = {Proceedings of the Twenty-second Ann. ACM Symp.
Parallelism in Algorithms and Architectures},
 series = {SPAA '10},
 year = {2010},
 isbn = {978-1-4503-0079-7},
 address = {Thira, Santorini, Greece},
 pages = {145--156},
 numpages = {12},
 url = {http://doi.acm.org/10.1145/1810479.1810509},
 doi = {10.1145/1810479.1810509},
 acmid = {1810509},
 publisher = {ACM},
} 

@inproceedings{SchardlKuLe15,
  author = {Tao B. Schardl and Bradley C. Kuszmaul and I-Ting Angelina Lee
        and William M. Leiserson and Charles E. Leiserson},
  title = {{The Cilkprof Scalability Profiler}},
  booktitle = {SPAA '15: Proceedings of the 27th ACM on Symp.
        Parallelism in Algorithms and Architectures},
  series = {SPAA '15},
  month = jun,
  year = {2015},
  isbn = {978-1-4503-3588-1},
  address = {Portland, Oregon, USA},
  pages = {89--100},
  numpages = {12},
  url = {http://doi.acm.org/10.1145/2755573.2755603},
  publisher = {ACM},
}

@article{BerKorChi15,
  author = {Konstantin Berlin and Sergey Koren and Chen-Shin Chin
            and James P. Drake and Jane M. Landolin and Adam M.
            Phillippy},
  title = {Assembling large genomes with single-molecule sequencing
           and locality-sensitive hashing},
  journal = {Nature Biotechnology},
  volume = 33,
  pages = "623--630",
  year = 2015
}

@article{OndTreMel16,
  author = {Brian D. Ondov and Todd J. Treangen and P\'{a}ll Melsted and
            Adam B. Mallonee and Nicholas H. Bergman and Sergey Koren
            and Adam M. Phillippy},
  title = {Mash: fast genome and metagenome distance estimation using
           MinHash},
  journal = {Genome Biology},
  volume = 17,
  pages = 132,
  year = 2016
}

@article{SchHagOss09,
  author = {Korbinian Schneeberger and J\:{o}rg Hagmann and
            Stephan Ossowski and Norman Warthmann and Sandra
            Gesing and Oliver KOhlbacher and Detlef Weigel},
  title = {Simultaneous alignment of short reads against multiple
           genomes},
  journal = {Genome Biology},
  volume = 10,
  pages = "R98",
  year = 2009
}    

@article{SpadesAssembler,
 author = {Anton Bankevich and Sergey Nurk and Dmitry Antipov and Alexey
           A Gurevich and Mikhail Dvorkin and others},
 title = {{SPAdes}: a new genome assembly algorithm and its applications
          to single-cell sequencing},
 journal = {J. Computational Biology},
 volume = 19,
 number = 5,
 pages = "455--477",
 year = 2012
}

@article{RayAssembler,
 author = {S\'{e}bastian Boisvert and Fran\c{c}ois Laviolette and
           Jacques Corbeil},
 title = {Ray: simultaneous assembly of reads from a mix of high-throughput
          sequencing technologies},
 journal = {J. Computational Biology},
 volume = 17,
 number = 11,
 pages = "1519--1533",
 year = 2010
}

@article{ABySSAssembler,
 author = {Inan\c{c} Birol and Shaun D. Jackman and Cydney B. Nielsen and
           Jenny Q. Qian and Richard Varhol and others},
 title = {De novo transcriptome assembly with {ABySS}},
 journal = {Bioinformatics},
 volume = 25,
 number = 21,
 pages = "2872--2877",
 year = 2009
}

@article{TrinityAssembler,
 author = {Manfred G. Grabherr and Brian J. Hass and Moran Yassour and
           Joshua Z. Levin and Dawn A. Thompson and others},
 title = {Full-length transcriptome assembly from {RNA}-seq data
          without a reference transcriptome},
 journal = {Nature Biotechnology},
 volume = 29,
 pages = "644--652",
 year = 2011
}

@inproceedings{PoiGosFor15,
 author = {Carl Poirier and Benoit Gosselin and Paul Fortier},
 title = {{DNA} assembly with de {Bruijn} graphs on an {FPGA} platform},
 booktitle = {Proc.\ 37th Ann.\ Int'l Conf.\ IEEE Engineering in 
              Medicine and Biology Soc. (EMBC)},
 month = aug,
 year = 2015
}

@inproceedings{sh16,
 author = {Schmit, Herman and Huang, Randy},
 title = {Dissecting {Xeon + FPGA}: Why the Integration of {CPUs} and {FPGAs} Makes a Power Difference for the Datacenter: Invited Paper},
 booktitle = {Proc.\  Int'l Symp. Low Power Electronics and Design},
 year = {2016},
 isbn = {978-1-4503-4185-1},
 location = {San Francisco Airport, CA, USA},
 pages = {152--153},
 url = {http://doi.acm.org/10.1145/2934583.2953983},
 doi = {10.1145/2934583.2953983},
 acmid = {2953983},
} 

@inproceedings{GraphChi,
 author = "Aapo Kyrola and Guy Blelloch and Carlos Guestrin",
 title = "{GraphChi}: large-scale graph computation on just a {PC}",
 booktitle = "Proc.\ 10th USENIX Conf.\ Operating Systems Design and Implementation",
 pages = {31--46},
 month = oct,
 year = 2012
}

@inproceedings{Giraph,
 author = "Ching Avery",
 title = "Giraph: large-scale graph processing infrastructure on {Hadoop}",
 booktitle = "Proc.\ Hadoop Summit",
 address = "Santa Clara, CA",
 year = 2011
}

@inproceedings{Pregel,
 author = "Grzegorz Malewicz and Matthew H. Austern and Aart J.C. Bilk
                  and James C. Dehnert and Ilan Horn and Naty Leiser
                  and Grzegorz Czajkowski",
 title = {Pregel: a system for large-scale graph processing},
 booktitle = {Proc.\ 2010 ACM SIGMOD Int'l Conf.\ Management of Data},
 pages = "135--146",
 year = 2010
}

@inproceedings{GraphLab,
 author = "Yucheng Low and Joseph E. Gonzalez and Aapo Kyrola and
                  Danny Bickson and Carlos E. Guestrin and Joseph
                  Hellerstein",
 title = "{GraphLab}: a new framework for parallel machine learning",
 booktitle = "Proc.\ 26th Conf.\ Uncertainty in Artificial Intelligence",
 pages = "340--349",
 year = 2010
}

@inproceedings{ShunBl13,
    author = {Shun, Julian and Blelloch, Guy E.},
    title = {{Ligra: A Lightweight Graph Processing Framework for Shared
          Memory}},
    booktitle = {Proceedings of the 18th ACM SIGPLAN Symp. Principles
          and Practice of Parallel Programming},
    series = {PPoPP '13},
    year = {2013},
    isbn = {978-1-4503-1922-5},
    address = {Shenzhen, China},
    pages = {135--146},
    numpages = {12},
    url = {http://doi.acm.org/10.1145/2442516.2442530},
    doi = {10.1145/2442516.2442530},
    acmid = {2442530},
    publisher = {ACM},
} 

@article{BeamerAsPa15,
  author    = {Scott Beamer and Krste Asanovic and David A. Patterson},
  title     = {The {GAP} Benchmark Suite},
  journal   = {CoRR},
  volume    = {abs/1508.03619},
  year      = {2015},
  url       = {http://arxiv.org/abs/1508.03619},
  timestamp = {Wed, 07 Jun 2017 14:43:10 +0200},
  biburl    = {http://dblp.uni-trier.de/rec/bib/journals/corr/BeamerAP15},
  bibsource = {dblp computer science bibliography, http://dblp.org}
}

@misc{mercator-usersManual,
        title= {{MERCATOR User's Manual}},
        howpublished={\url{http://sbs.wustl.edu/pubs/MercatorManual.pdf}},
        year={2016},
        author={Cole, Stephen V. and Buhler, Jeremy D.},
        note = {Accessed: 2016-11-20}
}

@inproceedings{LoneStarGPU,
 title = "A quantitative study of irregular programs on {GPU}s",
 author = "Martin Burtscher and Rupesh Nasre and Keshav Pingali",
 booktitle = "IEEE Int'l Symp. Workload Characterization",
 year = 2012
}

@book{Kleinrock75,
 author = {L. Kleinrock},
 title = {Queueing Systems, Vol. 1: Theory},
 publisher = {Wiley},
 address = {New York, NY, USA},
 year = 1975
}

@inproceedings{jc03,
 author = {Jiang, Qingchun and Chakravarthy, Sharma},
 title = {Queueing Analysis of Relational Operators for Continuous Data Streams},
 booktitle = {Proc.\  12th Int'l Conf.\ on Information and Knowledge Management},
 year = {2003},
 isbn = {1-58113-723-0},
 location = {New Orleans, LA, USA},
 pages = {271--278},
 url = {http://doi.acm.org/10.1145/956863.956916},
 doi = {10.1145/956863.956916},
 acmid = {956916},
 publisher = {ACM},
 address = {New York, NY, USA},
 keywords = {data stream, queueing analysis, relational operators},
} 

@INPROCEEDINGS{natc09,
author={A. Navarro and R. Asenjo and S. Tabik and C. Cascaval},
booktitle={Proc.\  18th Int'l Conf. on Parallel Architectures and Compilation Techniques},
title={Analytical Modeling of Pipeline Parallelism},
year={2009},
pages={281-290},
doi={10.1109/PACT.2009.28},
ISSN={1089-795X},
month=sep
}

@INPROCEEDINGS{ldwl06,
author={Shih-wei Liao and Zhaohui Du and Gansha Wu and Guei-Yuan Lueh},
booktitle={Proc. Int'l Symp. Code Generation and Optimization},
title={Data and computation transformations for {Brook} streaming applications on multiprocessors},
year={2006},
doi={10.1109/CGO.2006.13},
month=mar
}

@INPROCEEDINGS{wo10,
author={Z. Wang and M. F. P. O'Boyle},
booktitle={Proc. 19th Int'l Conf. on Parallel Architectures and Compilation Techniques},
title={Partitioning streaming parallelism for multi-cores: A machine learning based approach},
year={2010},
pages={307-318},
month=sep
}

@article{bbdhld12,
title = "{DAGuE}: A generic distributed {DAG} engine for High Performance Computing",
journal = "Parallel Computing",
volume = "38",
number = "1",
pages = "37 - 51",
year = "2012",
author = "George Bosilca and Aurelien Bouteiller and Anthony Danalis and Thomas Herault and Pierre Lemarinier and Jack Dongarra",
}

@inproceedings{labc14,
 author = "Peng Li and Kunal Agrawal and Jeremy Buhler and Roger D. Chamberlain",
 title = "Orchestrating safe streaming cmputations with precise control",
 booktitle = "Proc.\ 4th Int'l Workshop on Extreme Scale Computing Application Enablement - Modeling and Tools",
 year = 2014,
 pages = "1017-1022"
}

@inproceedings{Snort,
 author = "Martin Roesch",
 title = "Snort -- lightweight intrusion detection for networks",
 booktitle = "Proc.\ 13th Systems Administration Conf.",
 pages = "229--238",
 year = 1999,
 month = nov
}

@inproceedings{kpn-kahn1974,
    author = {Kahn, Gilles},
    booktitle = {Proc.\ Int'l Fed.\ Information Processing Cong.},
    citeulike-article-id = {13525220},
    keywords = {dataflow, gpu, kpn, model, polygraph},
    pages = {471--475},
    posted-at = {2015-02-23 02:22:46},
    priority = {2},
    title = {{The semantics of a simple language for parallel programming}},
    volume = {74},
    year = {1974}
}

@article{sdf-lee1987static,
    author = {Lee, Edward A. and Messerschmitt, David G.},
    citeulike-article-id = {13384476},
    journal = {IEEE Trans.\ Computers},
    keywords = {polygraph, sdf, static, taskgraph},
    number = {1},
    pages = {24--35},
    posted-at = {2014-10-07 05:05:29},
    priority = {2},
    publisher = {IEEE},
    title = {{Static scheduling of synchronous data flow programs for digital signal processing}},
    volume = {100},
    year = {1987}
}

@inproceedings{Udu09,
    author = {Udupa, Abhishek and Govindarajan, R. and Thazhuthaveetil, Matthew J.},
    booktitle = {Proc.\ Int'l Symp.\ Code Generation and Optimization},
    citeulike-article-id = {13384491},
    keywords = {cuda, gpu, polygraph, sdf, streamit},
    pages = {200--209},
    posted-at = {2014-10-07 05:39:49},
    priority = {2},
    title = {{Software pipelined execution of stream programs on GPUs}},
    year = {2009}
}

@inproceedings{Hag11,
    author = {Hagiescu, Andrei and Huynh, Huynh P. and Wong, Weng-Fai and Goh, Rick S.},
    booktitle = {IEEE Int'l Parallel \& Distributed Processing Symp.},
    citeulike-article-id = {13384510},
    keywords = {cuda, gpu, polygraph, sdf, streamit},
    pages = {467--478},
    posted-at = {2014-10-07 06:46:40},
    priority = {2},
    title = {{Automated architecture-aware mapping of streaming applications onto GPUs}},
    year = {2011}
}

@article{Huy14,
 author = "Huynh P. Huynh and Andrei Hagiescu and Ong Z. Liang and Weng-Fai Wong and Rick S. Goh",
 title = "Mapping streaming applications onto {GPU} systems",
 journal = "IEEE Transactions on Parallel and Distributed Systems",
 volume = 25,
 pages = "2374--2385",
 year = 2014
}

@inproceedings{GaloisTao,
    address = {New York, NY, USA},
    author = {Pingali, Keshav and Nguyen, Donald and Kulkarni, Milind and Burtscher, Martin and Hassaan, M. Amber and Kaleem, Rashid and Lee, Tsung-Hsien and Lenharth, Andrew and Manevich, Roman and M{\'{e}}ndez-Lojo, Mario and Prountzos, Dimitrios and Sui, Xin},
    booktitle = {Proc.\ 32nd ACM SIGPLAN Conf.\ Programming Language Design and Implementation},
    citeulike-article-id = {13611316},
    citeulike-linkout-0 = {http://dx.doi.org/10.1145/1993498.1993501},
    citeulike-linkout-1 = {http://doi.acm.org/10.1145/1993498.1993501},
    doi = {10.1145/1993498.1993501},
    keywords = {amorphous, data-parallelism, formulation, galois, gpu, irregular, operator, polygraph, programs, system, tao, tao-analysis},
    location = {San Jose, California, USA},
    pages = {12--25},
    posted-at = {2015-05-14 05:57:08},
    priority = {2},
    publisher = {ACM},
    series = {PLDI '11},
    title = {{The Tao of Parallelism in Algorithms}},
    url = {http://doi.acm.org/10.1145/1993498.1993501},
    year = {2011}
}

@article{Kul07,
 author = "Milind Kulkarni and Keshave Pingali and BRuch Walter and Ganesh
           Ramanarayanan and Kavita Bala and L. Paul Chew",
 title = "Optimistic parallelism requires abstractions",
 journal = "SIGPLAN Notices",
 volume = 42,
 number = 6,
 pages = "211--222",
 year = 2007
}
 
@inproceedings{Khorasani-graphSIMD-2015,
	author = {Khorasani, Farzad and Gupta, Rajiv and Bhuyan, Laxmi N.},
	title = {Scalable SIMD-Efficient Graph Processing on GPUs},
	booktitle = {Proc.\ 2015 Int'l Conf.\ Parallel Architecture and Compilation},
	series = {PACT '15},
	year = {2015},
	isbn = {978-1-4673-9524-3},
	pages = {39--50},
	numpages = {12},
	url = {http://dx.doi.org/10.1109/PACT.2015.15},
	doi = {10.1109/PACT.2015.15},
	acmid = {2923777},
	publisher = {IEEE Computer Society},
	address = {Washington, DC, USA},
} 


@article{ptolemy-eker2003-foundation,
    author = {Eker, Johan and Janneck, J{\"{o}}rn W. and Lee, Edward A. and Liu, Jie and Liu, Xiaojun and Ludvig, Jozsef and Neuendorffer, Stephen and Sachs, Sonia and Xiong, Yuhong},
    citeulike-article-id = {13384486},
    journal = {Proc.\ IEEE},
    keywords = {polygraph, ptolemy, sdf},
    number = {1},
    pages = {127--144},
    posted-at = {2014-10-07 05:31:48},
    priority = {2},
    title = {{Taming heterogeneity-the Ptolemy approach}},
    volume = {91},
    year = {2003}
}

@inproceedings{Zha11,
 author = "Yongpeng Zhang and Frank Mueller",
 title = "{GStream}: a general-purpose data streaming framework on {GPU} clusters",
 booktitle = {Proc.\ 2011 Int'l Conf.\ Parallel Processing},
 month = sep,
 year = 2011
}

@inproceedings{gpu-tzeng2010-taskSched,
    author = {Tzeng, Stanley and Patney, Anjul and Owens, John D.},
    booktitle = {Proc. Conf. High Performance Graphics},
    citeulike-article-id = {13367808},
    keywords = {gpu, polygraph, scheduling},
    organization = {Eurographics Association},
    pages = {29--37},
    posted-at = {2014-09-19 20:00:59},
    priority = {2},
    title = {{Task management for irregular-parallel workloads on the GPU}},
    year = {2010}
}


% LBP for stereo vision: optimized version
@article{LBP-stereo-sun2003,
 title={Stereo matching using belief propagation},
 author={Sun, Jian and Zheng, Nan-Ning and Shum, Heung-Yeung},
 journal={IEEE Transactions on Pattern Analysis and Machine 
Intelligence},
 volume={25},
 number={7},
 pages={787--800},
 year={2003},
 publisher={IEEE}
}
		
% another optimized LBP for stereo vision
@inproceedings{LBP-stereo-yang2006,
 title={Real-time Global Stereo Matching Using Hierarchical Belief 
Propagation.},
 author={Yang, Qingxiong and Wang, Liang and Yang, Ruigang and 
Wang, Shengnan and Liao, Miao and Nister, David},
 booktitle={BMVC},
 volume={6},
 pages={989--998},
 year={2006}
}

@inproceedings{Kre11,
 author = "Jay Kreps and Neha Narkhede and Jun Rao",
 title = "Kafka: a distributed messaging system for log processing",
 booktitle = "Proc.\ NetDB Workshop",
 year = 2011
}

% Dataflow graph with stateful actors in SIMD
@Article{Barford2017-statefulSIMD,
	author="Barford, Lee
	and Bhattacharyya, Shuvra S.
	and Liu, Yanzhou",
	title="Data Flow Algorithms for Processors with Vector Extensions",
	journal="J. Signal Processing Systems",
	year="2017",
	month="Apr",
	day="01",
	volume="87",
	number="1",
	pages="21--31",
}


% BP
@book{LBP-origin-pearl1988,
	title={Probabilistic reasoning in intelligent systems: networks of 
	plausible inference},
	author={Pearl, Judea},
	year={1988},
	publisher={Morgan Kaufmann}
}
		
% LBP
@inproceedings{LBP-murphy1999,
	title={Loopy belief propagation for approximate inference: An empirical			study},
	author={Murphy, Kevin P and Weiss, Yair and Jordan, Michael I},
	booktitle={Proceedings of the Fifteenth conference on Uncertainty in 
artificial intelligence},
	pages={467--475},
	year={1999},
	organization={Morgan Kaufmann Publishers Inc.}
}

% PageRank
@techreport{pagerank1999,
	title={{The PageRank citation ranking: Bringing order to the web.}},
	author={Page, Lawrence and Brin, Sergey and Motwani, Rajeev and Winograd, Terry},
	year={1999},
	institution={Stanford InfoLab}
}

% Think Like a Vertex survey
@article{TLAV2015,
	title={Thinking like a vertex: a survey of vertex-centric frameworks for large-scale distributed graph processing},
	author={McCune, Robert Ryan and Weninger, Tim and Madey, Greg},
	journal={ACM Computing Surveys (CSUR)},
	volume={48},
	number={2},
	pages={25},
	year={2015},
	publisher={ACM}
}


% Barnes-Hut for N-body calculation: irregular in octree traversal,
%   requires global synchronization between steps  :-(
@article{barnes1986hierarchical,
title={A hierarchical O (N log N) force-calculation algorithm},
	author={Barnes, Josh and Hut, Piet},
	journal={nature},
	volume={324},
	number={6096},
	pages={446--449},
	year={1986},
	publisher={Nature Publishing Group}
}


@article{BarraCUDA,
	author = {Klus, Petr and Lam, Simon and Lyberg, Dag and Chenug, Ming Sin and Pullan, Graham and McFarlane, Ian and Yeo, G.S.H. and Lam, B.Y.},
	doi = {10.1186/1756-0500-5-27},
	issn = {1756-0500},
	journal = {BMC Research Notes},
	keywords = {burrows-wheeler, cuda, dp-st\_paper, gpu, sequence\_alignment, tools},
	number = {1},
	pages = {27+},
	pmcid = {PMC3278344},
	pmid = {22244497},
	posted-at = {2012-08-09 21:22:52},
	priority = {2},
	title = {{BarraCUDA - a fast short read sequence aligner using graphics processing units.}},
	url = {http://dx.doi.org/10.1186/1756-0500-5-27},
	volume = {5},
	year = {2012}
}
 		
@article{CUSHAW,
	author = {Liu, Yongchao and Schmidt, Bertil and Maskell, Douglas L.},
	day = {15},
	doi = {10.1093/bioinformatics/bts276},
	issn = {1460-2059},
	journal = {Bioinformatics},
	keywords = {burrows-wheeler, bwa, bwt, cuda, dp-st\_paper, gpu, sequence\_alignment},
	month = jul,
	number = {14},
	pages = {1830--1837},
	pmid = {22576173},
	posted-at = {2012-05-30 17:10:25},
	priority = {2},
	publisher = {Oxford University Press},
	title = {{CUSHAW: a CUDA compatible short read aligner to large genomes based on the Burrows--Wheeler transform}},
	url = {http://dx.doi.org/10.1093/bioinformatics/bts276},
	volume = {28},
	year = {2012}
}

@inproceedings{rose2011,
    author = {Quinlan, Dan and Liao, Chunhua},
    booktitle = {Cetus Users and Compiler Infrastructure Workshop, in conjunction with PACT 2011},
    citeulike-article-id = {13548473},
    keywords = {compiler, polygraph, rose},
    month = oct,
    posted-at = {2015-03-13 16:16:48},
    priority = {2},
    title = {{The ROSE Source-to-Source Compiler Infrastructure}},
    year = {2011}
}

@inproceedings{llvmclang,
 author = "Chris Lattner",
 title = "{LLVM} and {Clang}: next generation compiler technology",
 booktitle = "BSDCan 2008: the BSD Conf.",
 month = may,
 year = 2008
}

% SRA dataset growth
@misc{SRADataGrowth,
    author = {{NCBI}},
   howpublished = 
	{\url{https://trace.ncbi.nlm.nih.gov/Traces/sra/sra.cgi?}},
   note = "Accessed Aug.\ 18th, 2017",
	title = {{Sequence Read Archive}}
}

@inproceedings{Thi05,
 author = "William Thies and Michl Karczmarek and Janis Sermulins and
          Rodric Rabbah and Saman Amarasinghe",
 title = "Teleport messaging for distributed stream programs",
 booktitle = {Proc.\ 10th ACM SIGPLAN Symp.\ Principles and
Practice of Parallel Programming},
 pages = "224--235",
 year = 2005
}

@article{She02,
 author = "Jonathan R. Shewchuk",
 title = "Delaunay refinement algorithms for triangular mesh generation",
 journal = "Computational Geometry",
 volume = 22,
 pages = "21--74",
 year = 2002
}

@article{Lad80,
 author = "Richard E. Ladner and Michael J. Fisscher",
 title = "Parallel prefix computation",
 journal = "J.\ ACM",
 volume = 27,
 pages = "831--838",
 year = 1980
}

@inproceedings{Cha11,
 author = "Sanjay Chatterjee and Max Grossman and Alina Sbirlea and Vivek Sarkar",
 title = "Dynamic task parallelism with a {GPU} work-stealing runtime system",
 booktitle = "Int'l Workshop on Language and Compilers for Parallel Computing",
 year = 2011,
 pages = "203--217"
}
 

@inproceedings{csdf,
 author = "G. Bilsen and M. Engels and R. Lauwereins and J.A. Peperstraete",
 title = "Cyclo-static data flow",
 booktitle = "Int'l Conf.\ Acoustics, Speech, and Signal Processing",
 month = may,
 year = 1995
}

@misc{NSFTenBigIdeas,
 author = "{National Science Foundation}",
 title = "Ten Big Ideas for Future {NSF} Investments",
 note = {\url{https://www.nsf.gov/about/congress/reports/nsf_big_ideas.pdf}},
 year = 2017
}

% Facebook graph structure
@article{facebookGraph2011,
	title={The anatomy of the {Facebook} social graph},
	author={Ugander, Johan and Karrer, Brian and Backstrom, Lars and Marlow, Cameron},
	journal={arXiv preprint arXiv:1111.4503},
	year={2011}
}		

% Streaming model: Scenario-Aware Data Flow (SADF)
@inproceedings{stuijk2011-sadf,
	title={Scenario-aware dataflow: Modeling, analysis and implementation of dynamic applications},
	author={Stuijk, Sander and Geilen, Marc and Theelen, Bart and Basten, Twan},
	booktitle={Embedded Computer Systems (SAMOS), 2011 International Conference on},
	pages={404--411},
	year={2011},
	organization={IEEE}
}
	
% Streaming model: Boolean Data Flow (BDF) 
%  --technically the token-flow model
@inproceedings{buck1992-tokenFlow,
	title={The token flow model},
	author={Buck, Joseph and Lee, Edward A},
	booktitle={Data Flow Workshop},
	pages={267--290},
	year={1992},
	organization={Citeseer}
}

% Streaming model for compile-time unknown data rates (complement to SDF)
%  ...ie, Dynamic Data Flow (DDF)
@phdthesis{parks1995-ddf,
	title={Bounded scheduling of process networks},
	author={Parks, Thomas M},
	year={1995},
	school={University of California. Berkeley, California}
}

@article{Zog06,
 author = "A. Zoglauer and R. Andritschke and F. Schopper",
 title = "{MEGAlib}: the medium energy gamma-ray astronomy library",
 journal = "New Astronomy Reviews",
 volume = 50,
 pages = "629--632",
 year = 2006
}

@article{Fra16,
 author = "Mirela Frandes and Bogdan Timar and Diana Lungeanu",
 title = "Image reconstruction techniques for {Compton} scattering
          based imaging: an overview",
 journal = "Current Medical Imaging Reviews",
 volume = 12,
 number = 2,
 pages = "95--105",
 year = 2016
}

@inproceedings{Oberlack2000ComptonSS,
  title={Compton scattering sequence reconstruction algorithm for the liquid xenon gamma-ray imaging telescope ({LXeGRIT})},
  author={Uwe G. Oberlack and Elena Aprile and Alessandro Curioni and V. S. Egorov},
  booktitle = "Hard X-Ray, Gamma-Ray, and Neutron Detector Physics II",
  year={2000},
  publisher = {SPIE}
}

@article{Wil15,
 author = "Richard Wilton and Tamas Budavari and Ben Langmead and Sara J. Wheelan and Steven L. Salzberg and Alexander S. Szalay",
 title = "Arioc: high-throughput read alignment with {GPU}-accelerated exploration of the seed-and-extend search space",
 journal = "PeerJ",
 volume = 3,
 pages = "e808",
 year = 2015
}

@inproceedings{Aji10,
 author = "Ashwin M. Aji and Liqing Zhang and Wu-chun Feng",
 title = "{GPU-RMAP}: accelerating short-read mapping on graphics processors",
 booktitle = "Proc.\ IEEE 13th Int'l Conf.\ Computational Science and Engineering",
 month = dec,
 year = 2010
}

@inproceedings{Fan11,
 author = "Jianbin Fang and Ana Lucia Varbanescu and Henk Sips",
 title = "A comprehensive performance comparison of {CUDA} and {OpenCL}",
 booktitle = "Proc.\ 2011 Int'l Conf.\ Parallel Processing",
 pages = "216--225",
 year = 2011
}


@misc{PGIAccelerator,
   author = "PGI Compilers and Tools",
   howpublished = {\url{https://www.pgroup.com/resources/accel.htm}},
   title = {{PGI Accelerator}}
}

@misc{OpenCLXeonPhi,
   author = "Intel",
   howpublished = {\url{https://software.intel.com/en-us/articles/opencl-design-and-programming-guide-for-the-intel-xeon-phi-coprocessor}},
   title = {{OpenCL Design and Programming Guide for the Intel Xeon Phi Coprocessor}},
   year = 2014
}

@misc{OpenCLXeon,
 author = "Intel",
 howpublished = {\url{https://software.intel.com/en-us/intel-opencl}},
 title = "Intel {SDK} for {OpenCL} Applications"
}

@misc{OpenCLAMD,
 author = "AMD",
 howpublished = {\url{http://developer.amd.com/tools-and-sdks/opencl-zone/}},
 title = "{AMD} {OpenCL} Zone"
}

@article{Jaa15,
 author = "Pekka {J\"{a}\"{a}skel\"{a}inen} and Carlos S\'{a}nchez {de La Lama} and Erik Schnetter and Kalle Raiskila and Jarmo Takala and Heikki Berg",
 title = "pocl: a performance-portable {OpenCL} implementation",
 journal = "Int'l J.\ Parallel Programming",
 volume = 43,
 number = 5,
 year = 2015
}

@INPROCEEDINGS{cl98,
author={Tat-Keung Chan and V. O. K. Li},
booktitle={Proc. of IEEE Global Telecommunications Conference (GLOBECOM)},
title={Decomposition of network of queues with self-similar traffic},
year={1998},
volume={5},
pages={3001-3006},
doi={10.1109/GLOCOM.1998.776623},
month=dec
}

@INPROCEEDINGS{km03,
author={Y. G. Kim and P. S. Min},
booktitle={Proc. of IEEE Global Telecommunications Conference (GLOBECOM)},
title={On the prediction of average queueing delay with self-similar traffic},
year={2003},
volume={5},
pages={2987-2991},
doi={10.1109/GLOCOM.2003.1258782},
month=dec
}

@ARTICLE{ltww94,
author={W. E. Leland and M. S. Taqqu and W. Willinger and D. V. Wilson},
journal={IEEE/ACM Transactions on Networking},
title={On the self-similar nature of {Ethernet} traffic (extended version)},
year={1994},
volume={2},
number={1},
pages={1-15},
doi={10.1109/90.282603},
ISSN={1063-6692},
month=feb
}

@inproceedings{thmia15,
author = {Shunsuke Tatsumi and Masanori Hariyama and Mamoru Miura and
Koichi Ito and Takafumi Aoki},
title = {{OpenCL}-Based Design of an {FPGA} Accelerator for Phase-Based Correspondence Matching},
booktitle = {Proc.\ of Int'l Conf.\ on Parallel and Distributed Processing Technology and Applications},
year = 2015,
pages = {90-95}
}

@inproceedings{Suda16,
 author = {Suda, Naveen and Chandra, Vikas and Dasika, Ganesh and Mohanty, Abinash and Ma, Yufei and Vrudhula, Sarma and Seo, Jae-sun and Cao, Yu},
 title = {Throughput-Optimized {OpenCL}-based {FPGA} Accelerator for Large-Scale Convolutional Neural Networks},
 booktitle = {Proc.\ of ACM/SIGDA International Symposium on Field-Programmable Gate Arrays},
 year = {2016},
 isbn = {978-1-4503-3856-1},
 location = {Monterey, California, USA},
 pages = {16--25},
 url = {http://doi.acm.org/10.1145/2847263.2847276},
 doi = {10.1145/2847263.2847276},
 acmid = {2847276},
 publisher = {ACM},
 address = {New York, NY, USA},
 keywords = {convolutional neural networks, fpga, opencl, optimization},
} 

@INPROCEEDINGS{zmsmm16,
author={H. R. Zohouri and N. Maruyama and A. Smith and M. Matsuda and S. Matsuoka},
booktitle={Proc.\ of International Conference for High Performance Computing, Networking, Storage and Analysis (SC16)},
title={Evaluating and Optimizing {OpenCL} Kernels for High Performance Computing with {FPGAs}},
year={2016},
pages={409-420},
doi={10.1109/SC.2016.34},
month=nov
}

@misc{fits,
 author = {{FITS Working Group}},
 title = {{Definition of the Flexible Image Transport System, the FITS Standard Document}},
 howpublished = {\url{https://fits.gsfc.nasa.gov/fits_standard.html}}, 
 note = {International Astronomical Union, Accessed: January 2018},
}

@article{Leslie03,
author = {R.P. Leslie},
title = {Capturing the daylight dividend in buildings: why and how?},
journal = {Building and Environment},
volume = 38,
year = 2003,
pages = {381-385},
}

@article{gb16,
author = {A. Galatioto and M. Beccali},
title = {Aspects and issues of daylighting assessment: A review study},
journal = {Renewable and Sustainable Energy Reviews},
volume = 66,
year = 2016,
month = sep,
pages = {852-860},
}

@article{azaise13,
author = {M.S. Alrubaih and M.F.M Zain and M.A. Alghoul and N.L.N. Ibrahim
and M.A. Shameri and Omkalthum Elayeb},
title = {Research and development on aspects of daylighting fundamentals},
journal = {Renewable and Sustainable Energy Reviews},
volume = 21,
year = 2013,
month = feb,
pages = {494-505},
}

@article{bwkk15,
author = {Bruno Bueno and Jan Wienold and Angelina Katsifaraki and
Tilmann E. Kuhn},
title = {Fener: A Radiance-based modelling approach to assess the thermal
and daylighting performance of complex fenestration systems in office spaces},
journal = {Energy and Buildings},
volume = 94,
year = 2015,
month = feb,
pages = {10-20},
}

@article{kt16,
author = {Maria Konstantoglou and Aris Tsangrassoulis},
title = {Dynamic operation of daylighting and shading systems: A literature review},
journal = {Renewable and Sustainable Energy Reviews},
volume = 60,
year = 2016,
month = feb,
pages = {268-283}
}

@inproceedings{cag18,
author = {Roger D. Chamberlain and Chandler Ahrens and Chris Gill},
title = {Abstractions for Cyber-Physical Systems Development:
An International Opportunity},
booktitle = {Visioning Workshop for International Networks to Advance CPS Research, Development, and Education Worldwide},
month = apr,
year = 2018,
note = {Available at \url{https://cps-vo.org/node/48624}}
}

@book{BS13,
author = {Basil Schaban-Maurer},
title = {Rise of the Citizen Practitioner:
A Phronesis-Based Approach to Citizen Engagement and Social Policy},
publisher = {Scholar's Press},
year = 2013
}

@INPROCEEDINGS{gtsg08,
author={Glaubius, R. and Tidwell, T. and Smart, W.D. and Gill, C.},
booktitle={Proc.\ of Real-Time Systems Symposium},
title={Scheduling Design and Verification for Open Soft Real-Time Systems},
year={2008},
month=nov,
pages={505-514},
keywords={continuous systems;discrete systems;open systems;program verification;real-time systems;scheduling;continuous system;discrete system;open soft real-time systems;scheduling design;scheduling verification;Computer science;Continuous time systems;Design engineering;Event detection;Mobile robots;Processor scheduling;Real time systems;Runtime;State-space methods;Timing},
}

@INPROCEEDINGS{ab10,
author={N. Achour and K. Braikia},
booktitle={Proc.\ of International Conference on Machine and Web Intelligence},
title={An {MDP}-based approach oriented optimal policy for path planning},
year={2010},
pages={205-210},
doi={10.1109/ICMWI.2010.5647970},
month=oct
}

@article{White93,
author = {D. J. White},
title = {{A Survey of Applications of Markov Decision Processes}},
journal = {The Journal of the Operational Research Society},
volume = 44,
number = 11,
month = nov,
year = 1993,
pages = {1073-1096}
}

@article{bs98,
author = {Andrew Briggs and Mark Sculpher},
title = {{An Introduction to Markov Modelling for Economic Evaluation}},
journal = {PharmacoEconomics},
volume = 13,
number = 4,
pages = {397-409},
year = 1998
}

@article{kb85,
author = {Michael Kolonko and Harald Benzing},
title = {The Sequential Design of {Bernoulli} Experiments Including Switching Costs},
journal = {Operations Research},
volume = 33,
number = 2,
month = apr,
year = 1985,
pages = {412-426}
}

@article{gtgs09,
author = {R. Glaubius and T. Tidwell and C. Gill and W. Smart},
title = {Scheduling Policy Design for Autonomic Systems},
journal = {International Journal of Autonomous and Adaptive Communication Systems},
volume = 2,
number = 3,
month = jun,
year = 2009,
pages = {276-296}
}

@inproceedings{tggs10,
  title={Optimizing expected time utility in cyber-physical systems schedulers},
  author={Tidwell, Terry and Glaubius, Robert and Gill, Christopher D and Smart, William D},
  booktitle={Proc.\ of IEEE 31st Real-Time Systems Symposium},
  pages={193--201},
  month = dec,
  year={2010}
}

@inproceedings{gtgsuai10,
  title={Real-Time Scheduling via Reinforcement Learning},
  author={R. Glaubius and T. Tidwell and C. Gill and W. Smart},
  booktitle={Proc.\ of 26th Conference on Uncertainty in Artificial Intelligence (UAI)},
  month = jul,
  year={2010}
}

@inproceedings{gtspmgs10,
  title={Scalable Scheduling Policy Design for Open Soft Real-Time Systems},
  author={R. Glaubius and T. Tidwell and B. Sidoti and D. Pilla and J. Meden and 
          C. Gill and W. Smart},
  booktitle={Proc.\ of IEEE Real-Time and Embedded Technology and Applications Symposium (RTAS)},
  month = apr,
  year={2010}
}

@inproceedings{tblwgs11,
  title={Scalable Utility Aware Scheduling Heuristics for Real-time Tasks with
         Stochastic Non-preemptive Execution Intervals},
  author={T. Tidwell and C. Bass and E. Lasker and M. Wylde and C. Gill and W. Smart},
  booktitle={Proc.\ of 23rd Euromicro Conference on Real-Time Systems (ECRTS)},
  pages = {238-247},
  month = jul,
  year={2011}
}

@book{puterman,
author={Puterman, Martin L},
title = {Markov Decision Processes},
publisher = {John Wiley \& Sons, Inc.},
address = {Hoboken, NJ},
year = 1994
}

@article{ahsr10,
author = {Oguzhan Alagoz and Heather Hsu and Andrew J. Schaefer and Mark S. Roberts},
title = {{Markov Decision Processes: A Tool for Sequential Decision Making
Under Uncertainty}},
journal = {Medical Decision Making},
year = 2010,
volume = 30,
number = 4,
pages = {474-483}
}

@article{yyl04,
author = {K. Karen Yin and G. George Yin and Hu Liu},
title = {Stochastic modeling for inventory and production planning in
the paper industry},
journal = {AIChE Journal},
volume = 50,
number = 11,
month = nov,
year = 2004,
pages = {2877-2890}
}

@article{Kristensen03,
author = {Anders Ringgaard Kristensen},
title = {A general software system for {Markov} decision processes in
herd managment applications},
journal = {Computers and Electronics in Agriculture},
volume = 38,
number = 3,
month = mar,
year = 2003,
pages = {199-215}
}

@article{pop08,
author = {Luis P\'{e}rez-Lombard and Jos\'e Ortiz and Christine Pout},
title = {A review on buildings energy consumption information},
journal = {Energy and Buildings},
volume = 40,
year = 2008,
pages = {394-398},
}

@article{keh05,
author = {M. Krarti and P. M. Erickson and T. C. Hillman},
title = {A simplified method to estimate energy savings of artificial
lighting use from daylighting},
journal = {Building and Environment},
volume = 40,
pages = {747-754},
year = 2005
}

@article{vgf+13,
author = {Daniel V\'{a}zquez-Molin\'{i} and Mario Gonz\'{a}lez-Montes and
Antonio \'{A}lvarez Fern\'{a}ndez-Balbuena and \'{A}ngel Garc\'{i}a-Botella
and Wilfried Pohl and Teresa Galan and Eusebio Bernab\'{e}u},
title = {Horizontal daylighting system for office buildings},
journal = {Energy and Buildings},
volume = 67,
year = 2013,
pages = {525-530}
}

@article{ll01,
author = {D. H. W. Li and J. C. Lam},
title ={Evaluation of lighting performance in office buildings with
daylighting controls},
journal = {Energy and Buildings},
volume = 33,
pages = {793-803},
year = 2001
}

@inproceedings{pce00,
author = {Patricia Plympton and Susan Conway and Kyra Epstein},
title = {Daylighting in Schools: Improving Student Performance and Health
at a Price Schools can Afford},
booktitle = {Proc.\ of American Solar Energy Society Conference},
month = jun,
year = 2000
}

@article{bmbc13,
author = {C. Buratti and E. Moretti and E. Bellone and F. Cotana},
title = {Unsteady simulation of energy performance and thermal comfort
in non-residential buildings},
journal = {Building and Environment},
volume = 59,
month = jan,
year = 2013,
pages = {482-491},
}

@INPROCEEDINGS{Hunt79,
   author = {{Hunt}, A.~J.},
    title = {A new solar thermal receiver utilizing a small particle heat exchanger},
 keywords = {Brayton Cycle, Electric Power Plants, Heat Exchangers, Solar Energy Conversion, Thermal Energy, Air Flow, Concentrators, Design Analysis, Energy Dissipation, Gas Flow, Gas Mixtures, Gas-Solid Interactions, Particle Production, Solar Heating, Suspending (Mixing), Temperature Effects, Thermodynamic Efficiency},
booktitle = {Proc.\ of 14th Intersociety Energy Conversion Engineering Conference},
     year = 1979,
    month = aug,
    pages = {159-163},
   adsurl = {http://adsabs.harvard.edu/abs/1979iece.conf..159H},
  adsnote = {Provided by the SAO/NASA Astrophysics Data System}
}

@article{smf08,
author = {Ken Szeibel and James Mason and Vasilis Fthenakis},
title = {A Solar Grand Plan},
journal = {Scientific American},
volume = 298,
number = 1,
pages = {64-73},
month = jan,
year = 2008
}

@book{Lunde80,
author = {P. J. Lunde},
title = {Solar Thermal Engineering: Space Heating and Hot Water Systems},
publisher = {John Wiley \& Sons, Inc.},
address = {New York, NY, USA},
year = 1980
}

@article{deW75,
author = {Francis {de Winter}},
title = {Heat exchanger penalties in double-loop solar water heating systems},
journal = {Solar Energy},
volume = 17,
number = 6,
year = 1975,
pages = {335-337}
}

@article{wo06,
author = {R. Z. Wang and R. G. Oliveira},
title = {Adsorption refrigeration---{A}n efficient way to make good use of waste
heat and solar energy},
journal = {Progress in Energy and Combustion Science},
volume = 32,
number = 4,
year = 2006,
pages = {424-458},
}

@article{kbd76,
author = {S. A. Klein and W. A. Beckman and J. A. Duffie},
title = {A design procedure for solar heating systems},
journal = {Solar Energy},
volume = 18,
number = 2,
year = 1976,
pages = {113-127}
}

@article{my09,
author = {Jean-Michel Morel and Goushen Yu},
title = {{ASIFT}: A New Framework for Fully Affine Invariant Image Comparison},
journal = {SIAM Journal on Imaging Sciences},
volume = 2,
number = 2,
year = 2009,
pages = {438-469}
}

@article{ds99,
author = {Vito {Di Ges\`{u}a} and Valery Starovoitovb},
title = {Distance-based functions for image comparison},
journal = {Pattern Recognition Letters},
year = 1999,
volume = 20,
number = 2,
month = feb,
pages = {207-214},
}

@article{wbo97,
author = {Dale L. Wilson and Adrian J. Baddeley and Robyn A. Owens},
title = {A New Metric for Grey-Scale Image Comparison},
journal = {International Journal of Computer Vision},
volume = 24,
number = 1,
year = 1997,
month = aug,
pages = {5-17},
}

@misc{posix,
key = {{IEEE Std 1003.1-2017}},
title = {{IEEE Std 1003.1-2017 - IEEE Standard for Information Technology -- Portable Operating System Interface (POSIX(R)) Base Specifications, Issue 7}},
url = {http://standards.ieee.org/findstds/standard/1003.1-2017.html},
year = 2017
}

@ARTICLE{osi,
author={H. Zimmermann},
journal={IEEE Transactions on Communications},
title={{OSI Reference Model -- The ISO Model of Architecture for Open Systems Interconnection}},
year={1980},volume={28},
number={4},
pages={425-432},keywords={Computer communications;Standards;Computer aided manufacturing;Computer architecture;Computer networks;Constitution;ISO standards;Open systems;Protocols;Standardization;Standards development;Standards organizations},
doi={10.1109/TCOM.1980.1094702},
ISSN={0090-6778},
month=apr
}

@article{ls06,
author = {E. S. Lee and S. E. Selkowitz},
title = {The {New York Times Headquarters} daylighting mockup: Monitored
performance of the daylighting control system},
journal = {Energy and Buildings},
volume = 38,
year = 2006,
pages = {914-929}
}

@article{fsdm14,
author = {Luis L. Fernandes and Eleanor S. Lee and Dennis L. DiBartolomeo
and Andrew McNeil},
title = {Monitored lighting energy savings from dimmable lighting controls
in {The New York Times Headquarters Building}},
journal = {Energy and Buildings},
volume = 68,
year = 2014,
pages = {914-929}
}

@article{hhm15,
author = {Francine Harb and Maria Paz Hidalgo and Betina Martau},
title = {Lack of exposure to natural light in the worspace is
associated with physiological, sleep and depressive symptoms},
journal = {Chronobiology International},
volume = 32,
number = 3,
year = 2015,
pages = {368-375}
}

@article{wm79,
title="Energy-integrated multi-purpose sprinkler system",
journal="Specifying Engineer",
year="1979",
author="Webb, W. A. and Meckler, G.",
volume="41",
number="5",
pages="76-8, 82",
}

@article{Janus01,
author = {Walter M. Janus},
title = {Integration of Hydronic Thermal Transport Systems with
Fire Suppression Systems},
journal = {ASHRAE Transactions},
volume = 107,
year = 2001,
pages = {572-577}
}

@INPROCEEDINGS{mn87,
author={P. Muir and C. Neuman},
booktitle={Proc.\ of IEEE International Conference on Robotics and Automation},
title={Kinematic modeling for feedback control of an omnidirectional wheeled mobile robot},
year={1987},
volume={4},
number={},
pages={1772-1778},
month=mar
}

@misc{Mitchell18,
author = {Scott Mitchell},
title = {Catoptric Surface: Designing the {Steinberg} Prototype},
howpublished = {MEng Project Report,
Dept.\ of Computer Science and Engineering,
Washington University in St.\ Louis},
year = 2018,
month = may
}

@book{Echarri16,
author = {V. Echarri and C. A. Brebbia},
title = {Eco-Architecture VI: Harmonisation between Architecture
and Nature},
publisher = {WIT Press},
year = 2016
}

@book{Willis16,
author = {Dan Willis and William W. Braham and Katsuhiko Muramoto and Daniel A. Barber},
title = {Energy Accounts: Architectural Representations of Energy,
Climate, and the Future},
publisher = {Routledge},
year = 2016
}

@article{vm16,
author = {Kevin {Van Den Wymelenberg} and Alen Mahi\'{c}},
title = {Annual Daylighting Performance Meterics, Explained},
journal = {Architectural Lighting},
month = apr,
year = 2016,
}

@article{vandenW14,
author = {Kevin {Van Den Wymelenberg}},
title = {The Benefits of Natural Light},
journal = {Architectural Lighting},
month = mar,
year = 2014,
}

@article{Libby03,
author = {Brian Libby},
title = {Beyond the Bulbs: In Praise of Natural Light},
journal = {The New York Times},
month = {June 17,},
year = 2003
}

@inproceedings{cew18,
author = {Roger D. Chamberlain and Chris Edmiston and Don Williams},
title = {Automated Titration in a Recirculating Water System},
booktitle = {Proc.\ of 4th International Workshop on Cyber-Physical Systems
for Smart Water Networks (CySWater)},
month = apr,
year = 2018,
pages = {12-15}
}

@inproceedings{wgl17,
author = {C. Wang and C. Gill and C. Lu},
title = {Real-Time Middleware for Cyber-Physical Event Processing}, 
booktitle = {Proc.\ of ACM/IEEE International Symposium on Quality of
Service (IWQoS)},
month = jun,
year = 2017
}

@book{cc17,
author = {Roger D. Chamberlain and Ron K. Cytron},
title = {Computing in the Physical World},
year = 2017
}

@inproceedings{fcbmc19,
author = {Clayton Faber and Anthony Cabrera and Orond\'e Booker and Gabe Maayan and Roger Chamberlain},
title = {Data Integration Tasks on Heterogeneous Systems Using {OpenCL}},
booktitle = {Proc.\ of 7th Int'l Workshop on OpenCL},
month = may,
year = 2019,
}

@inproceedings{cc19,
author = {Anthony M. Cabrera and Roger Chamberlain},
title = {Evaluating Portability and Performance of {OpenCL} {FPGA} Kernels on
{Intel} {HARPv2}},
booktitle = {Proc.\ of 7th Int'l Workshop on OpenCL},
month = may,
year = 2019,
}

@inproceedings{acmb18,
author = {Chandler Ahrens and Roger D. Chamberlain and Scott Mitchell and
Adam Barnstorff},
title = {Catoptric Surface},
booktitle = {Proc.\ of 38th Conf.\ of Association for Computer Aided Design
in Architecture (ACADIA)},
month = oct,
year = 2018,
pages = {216-225}
}

@inproceedings{cagm18,
author = {Roger D. Chamberlain and Chandler Ahrens and Christopher Gill
and Scott A. Mitchell},
title = {Work-in-Progress: Hierarchical Control of a Catoptric Surface},
booktitle = {Proc.\ of International Conference on Embedded Software (EMSOFT)},
month = oct,
year = 2018
}

@inproceedings{Bugbee16,
author = {Bugbee, Bruce},
year = 2016,
title = {Toward an optimal spectral quality for plant growth and development: the importance of radiation capture},
booktitle = {Acta Horticulturae 1134},
pages = {1-12},
doi = {10.17660/ActaHortic.2016.1134.1}
url = {https://doi.org/10.17660/ActaHortic.2016.1134.1}
}

@inproceedings{cc19,
author = {Anthony M. Cabrera and Roger D. Chamberlain},
title = {Exploring Portability and Performance of {OpenCL} {FPGA} Kernels on
{Intel HARPv2}},
booktitle = {Proc.\ of 7th International Workshop on OpenCL (IWOCL)},
month = may,
year = 2019,
}

@inproceedings{fcbmc19,
author = {Clayton J. Faber and Anthony M. Cabrera and Oronde Booker and
Gabe Maayan and Roger D. Chamberlain},
title = {Data Integration Tasks on Heterogeneous Systems Using {OpenCL}},
booktitle = {Proc.\ of 7th International Workshop on OpenCL (IWOCL)},
month = may,
year = 2019,
}

@misc{bblmw19,
author = {Gabe Berkland and Ankita Bhalla and Grace Lee and Abbey MacDonald
and Nick Wozniak},
title = {Foundations of Agricultrual Technology Ecosystems},
howpublished= {The Yield Lab Institute Whitepaper, Connie Bowen, editor},
note = {\url{https://www.theyieldlabinstitute.org/publications-1}},
year = 2019,
}

@inproceedings{acmbg19,
author = {Chandler Ahrens and Roger Chamberlain and Scott Mitchell and
 Adam Barnstorff and Joshua Gelbard},
title = {Controlling Daylight Reflectance with Cyber-physical Systems},
booktitle = {Proc.\ of 24th International Conference on Computer-Aided Architectural Design Research in Asia (CAADRIA)},
volume = 1,
month = apr,
year = 2019,
pages = {433-442},
}

@article{Redmon2015YouOL,
  title={You Only Look Once: Unified, Real-Time Object Detection},
  author={Joseph Redmon and Santosh Kumar Divvala and Ross B. Girshick and Ali Farhadi},
  journal={Proc.\ of IEEE Conference on Computer Vision and Pattern Recognition (CVPR)},
  year={2015},
  pages={779-788}
}

@InProceedings{Toshev_2014_CVPR,
author = {Toshev, Alexander and Szegedy, Christian},
title = {DeepPose: Human Pose Estimation via Deep Neural Networks},
booktitle = {Proc.\ of IEEE Conference on Computer Vision and Pattern Recognition (CVPR)},
month = {June},
year = {2014}
}

@InProceedings{Gkioxari_2018_CVPR,
author = {Gkioxari, Georgia and Girshick, Ross and Dollá Piotr and He, Kaiming},
title = {Detecting and Recognizing Human-Object Interactions},
booktitle = {Proc.\ of IEEE Conference on Computer Vision and Pattern Recognition (CVPR)},
month = {June},
year = {2018}
}

@InProceedings{chao:wacv2018,
  author = {Yu-Wei Chao and Yunfan Liu and Xieyang Liu and Huayi Zeng and Jia Deng},
  title = {Learning to Detect Human-Object Interactions},
  booktitle = {Proc.\ of IEEE Winter Conference on Applications of Computer Vision},
  year = {2018},
}

@article{burgess17,
author = {Burgess, Alexandra J. and Renata Retkute and Tiara Herman and Erik H. Murchie},
year = 2017,
title = {Exploring Relationships between Canopy Architecture, Light Distribution, and Photosynthesis in Contrasting Rice Genotypes Using {3D} Canopy Reconstruction},
journal = {Frontiers in Plant Science},
volume = 8,
month = may,
pages = 734,
doi = {10.3389/fpls.2017.00734}
}

@article{ballare12,
author = {Ballar\'{e}, Carlos L. and Carlos A. Mazza and Amy T. Austin and Ronald Pierik},
year = 2012,
title = {Canopy Light and Plant Health},
journal = {Plant Physiology},
volume = 160,
number = 1,
pages = {145-155},
doi = {10.1104/pp.112.200733}
}

@unpublished{Bucksch17,
author = {Bucksch, Alexander and Acheampong Atta-Boateng and Akomian Fortune Azihou and
Mathilde Balduzzi and Dorjsuren Battogtokh and Aly Baumgartner and Brad Binder and Siobhan
Braybrook and Cynthia Chang and Viktoriya Coneva and Thomas DeWitt and Alexander Fletcher and
Malia Gehan and Diego Hernan Diaz Martinez and Lilan Hong and Anjali Iyer-Pascuzzi and
Laura Klein and Samuel Leiboff and Mao Li and Jonathan Lynch and Alexis Maizel and Julin
Maloof and R. J. Cody Markelz and Ciera Martinez and Laura Miller and Washington Mio and
Wojtek Palubicki and Hendrik Poorter and Christophe Pradal and Charles Price and Eetu
Puttonen and John Reese and Ruben Rellan-Alvarez and Edgar Spalding and Erin Sparks and Chris
Topp and Joseph Williams and Daniel Chitwood},
year = {2017},
title = {Morphological Plant
Modeling: Unleashing Geometric and Topological Potential within the Plant
Sciences},
note = {bioRxiv. doi:10.1101/078832},
}

@article{fahlgren+15,
author = {Fahlgren, Noah and Maximilian Feldman and Malia A. Gehan and Melinda S. Wilson and Christine Shyu and Douglas W. Bryant and Steven T. Hill and Colton J. McEntee and Sankalpi N. Warnasooriya and Indrajit Kumar and Tracy Ficor and Stephanie Turnipseed and Kerrigan B. Gilbert and Thomas P. Brutnell and James C. Carrington and Todd C. Mockler and Ivan Baxter},
year = 2015,
title = {A Versatile Phenotyping System and Analytics Platform Reveals Diverse Temporal Responses to Water Availability in Setaria},
journal = {Molecular Plant},
volume = 8,
number = 10,
pages = {1520--1535},
doi = {10.1016/j.molp.2015.06.005}
}

@article{fgb15,
author = {Fahlgren, Noah and Malia A. Gehan and Ivan Baxter},
year = 2015,
title = {Lights, Camera, Action: High-Throughput Plant Phenotyping Is Ready for a Close-Up},
journal = {Current Opinion in Plant Biology}
volume = 24
month = apr,
pages {93--99},
doi = {10.1016/j.pbi.2015.02.006},
}

@article{Feldman18,
author = {Feldman, Max J. and Patrick Z. Ellsworth and Noah Fahlgren and Malia A. Gehan and Asaph B. Cousins and Ivan Baxter},
year = 2018,
title = {Components of Water Use Efficiency Have Unique Genetic Signatures in the Model {C4} Grass Setaria},
journal = {Plant Physiology},
volume = 178,
number = 2,
pages {699--715},
doi = {10.1104/pp.18.00146},
}

@article{gfa+17,
author = {Gehan, Malia A. and Noah Fahlgren and Arash Abbasi and Jeffrey C. Berry and Steven T. Callen and Leonardo Chavez and Andrew N. Doust and Max J. Feldman and Kerrigan B. Gilbert and John G. Hodge and J. Steen Hoyer and Andy Lin and Suxing Liu and C\'esar Liz\'arraga and Argelia Lorence and Michael Miller and Eric Platon and Monica Tessman and Tony Sax},
year = 2017,
title = {{PlantCV} v2: Image Analysis Software for High-Throughput Plant Phenotyping},
journal = {PeerJ},
volume = 5,
month = dec,
pages = {e4088},
doi = {10.7717/peerj.4088},
}

@article{ggm+15,
author = {Gehan, Malia A. and Kathleen Greenham and Todd C. Mockler and C. Robertson McClung},
year = 2015,
title = {Transcriptional Networks---crops, Clocks, and Abiotic Stress},
journal = {Current Opinion in Plant Biology},
volume = 24,
publisher = {Elsevier},
pages = {39--46},
url = {http://www.sciencedirect.com/science/article/pii/S1369526615000059},
}

@article{gk17,
author = {Gehan, Malia A. and Elizabeth A. Kellogg},
year = 2017,
title = {High-Throughput Phenotyping},
journal = {American Journal of Botany},
volume = 104,
number = 4,
pages = {505--508}
month = apr,
doi = {10.3732/ajb.1700044},
}

@article{ggg+17,
author = {Greenham, Kathleen and Carmela Rosaria Guadagno and Malia A. Gehan and Todd C. Mockler and Cynthia Weinig and Brent E. Ewers and C. Robertson McClung},
year = {2017},
title = {Temporal Network Analysis Identifies Early Physiological and Transcriptomic Indicators of Mild Drought in \emph{Brassica rapa}},
journal = {eLife},
volume = 6,
pages = {e29655},
month = aug,
doi = {10.7554/eLife.29655},
}

@unpublished{hgh+17,
author = {Huang, He and Malia Gehan and Sarah E. Huss and Sophie Alvarez and Cesar Lizarraga and Ellen L. Gruebbling and John Grier and Michael J. Naldrett and Rebecca Bindbeutel and Bradley S. Evans and Todd C. Mockler and Dmitri Nusinow},
year = 2017,
title = {Cross-Species Complementation Reveals Conserved Functions For EARLY FLOWERING 3 Between Monocots And Dicots},
note = {bioRxiv. doi:10.1101/131185},
}

@article{Tovar18,
author = {Tovar, Jose C. and J. Steen Hoyer and Andy Lin and Allison Tielking and Steven T. Callen and S. Elizabeth Castillo and Michael Miller and Monica Tessman and Noah Fahlgren and James C. Carrington and Dmitri A. Nusinow and Malia A. Gehan},
year = 2018,
title = {{Raspberry Pi}-Powered Imaging for Plant Phenotyping},
journal = {Applications in Plant Sciences},
volume = 6,
number = 3,
pages = {e1031},
doi = {10.1002/aps3.1031},
}

@inproceedings{gtgs10,
author = {Robert Glaubius and Terry Tidwell and Christopher Gill and William D. Smart},
title = {Real-Time Scheduling via Reinforcement Learning},
booktitle = {Proc. of 26th Conference on Uncertainty in Artificial Intelligence},
year = 2010,
month = jul,
}

@article{Walker10,
author = {Renee E. Walker and Christopher R. Keane and Jessica G. Burke},
title = {Disparities and access to healthy food in the {United States}: A review of food deserts literature},
journal = {Health \& Place},
volume = 16,
number = 5,
pages = {876--884},
month = sep,
year = 2010,
}

@inproceedings{ccb19,
author = {Anthony M. Cabrera and Roger D. Chamberlain and Jonathan C. Beard},
title = {Multi-spectral Reuse Distance: Divining Spatial Information from Temporal Data},
booktitle = {Proc.\ of IEEE High Performance Extreme Computing Conf.},
month = sep,
year = 2019,
}

@article{economist,
key = {economist},
title = {Horticulture, Growing Brighter: New ways to make vertical farming stack up},
journal = {The Economist},
month = {August 31,},
year = 2019,
pages = {60--61}
}

@inproceedings{Huang10,
 author = {Huang, Huang-Ming and Tidwell, Terry and Gill, Christopher and Lu, Chenyang and Gao, Xiuyu and Dyke, Shirley},
 title = {Cyber-physical Systems for Real-time Hybrid Structural Testing: A Case Study},
 booktitle = {ACM/IEEE Int'l Conference on Cyber-Physical Systems},
 year = {2010},
 pages = {69--78},
 doi = {10.1145/1795194.1795205}
}

@inproceedings{Ferry14,
 author = {D. Ferry and G. Bunting and A. Megareh and 
S. Dyke and A. Prakash and K. Agrawal and C. Gill and C. Lu},
 title = {Real-Time System Support for Hybrid Structural Simulation},
 booktitle = {ACM International Conference on Embedded Software (EMSOFT)},
 year = {2014},
 month = oct
}

@misc{RTHS,
author = {S. Dyke and B. Stojadinovic and P. Arduino and
          M. Garlock and N. Luco and J. Ramirez and S. Yim},
key = {Community Workshop: 2020 Vision for
Earthquake Engineering Research in the USA},
title = {2020 Vision for Earthquake Engineering},
url = {https://nees.org/content/article/206},
year = 2010
}

@article{waldrop16,
  title={The chips are down for {M}oore's law},
  author={Waldrop, M Mitchell},
  journal={Nature News},
  volume={530},
  number={7589},
  pages={144},
  year={2016}
}
